 @article{viy:riv:del:14,
  title = {Uhlmann Phase as a Topological Measure for One-Dimensional Fermion Systems},
  author = {Viyuela, O. and Rivas, A. and Martin-Delgado, M. A.},
  journal = {Phys. Rev. Lett.},
  volume = {112},
  issue = {13},
  pages = {130401},
  numpages = {5},
  year = {2014},
  month = {Apr},
  publisher = {American Physical Society},
  doi = {10.1103/PhysRevLett.112.130401},
  url = {http://link.aps.org/doi/10.1103/PhysRevLett.112.130401}
}
@article{kit:rud:ber:dem:10,
  title = {Exploring topological phases with quantum walks},
  author = {Kitagawa, T. and Rudner, M. S. and Berg, E. and Demler, E.},
  journal = {Phys. Rev. A},
  volume = {82},
  issue = {3},
  pages = {033429},
  numpages = {9},
  year = {2010},
  month = {Sep},
  publisher = {American Physical Society},
  doi = {10.1103/PhysRevA.82.033429},
  url = {http://link.aps.org/doi/10.1103/PhysRevA.82.033429}
}

@article{uhl:pha:exp:11,
  title = {Experimental demonstration of a unified framework for mixed-state geometric phases},
  author = {Zhu, J. and Shi, M. and Vedral, V. and Peng, X. and Suter, D. and Du, J.},
  journal = {EPL (Europhysics Letters)},
  volume = {94},
  issue = {2},
  pages = {20007},
  numpages = {9},
  year = {2011},
  url = {http://stacks.iop.org/0295-5075/94/i=2/a=20007}
}

@article{riv:viy:del:13,
  title = {Density-matrix Chern insulators: Finite-temperature generalization of topological insulators},
  author = {Rivas, A. and Viyuela, O. and Martin-Delgado, M. A.},
  journal = {Phys. Rev. B},
  volume = {88},
  issue = {15},
  pages = {155141},
  numpages = {12},
  year = {2013},
  month = {Oct},
  publisher = {American Physical Society},
  doi = {10.1103/PhysRevB.88.155141},
  url = {http://link.aps.org/doi/10.1103/PhysRevB.88.155141},
}
@article{sch:ryu:fur:lud:08,
  title = {Classification of topological insulators and superconductors in three spatial dimensions},
  author = {Schnyder, A. P. and Ryu, S. and Furusaki, A. and Ludwig, A. W. W.},
  journal = {Phys. Rev. B},
  volume = {78},
  issue = {19},
  pages = {195125},
  numpages = {22},
  year = {2008},
  month = {Nov},
  publisher = {American Physical Society},
  doi = {10.1103/PhysRevB.78.195125},
  url = {http://link.aps.org/doi/10.1103/PhysRevB.78.195125},
}
@article{kit:09,
   author = {Kitaev, A.},
   title = {Periodic table for topological insulators and superconductors},
   journal = {AIP Conference Proceedings},
   year = {2009},
   volume = {1134},
   number = {1}, 
   pages = {22-30},
   url = {http://scitation.aip.org/content/aip/proceeding/aipcp/10.1063/1.3149495},
   doi = {http://dx.doi.org/10.1063/1.3149495} 
}

@article{zho:aro:14,
  title = {Topological Indices for Open and Thermal Systems Via Uhlmann's Phase},
  author = {Huang, Z. and Arovas, D. P.},
  journal = {Phys. Rev. Lett.},
  volume = {113},
  issue = {7},
  pages = {076407},
  numpages = {5},
  year = {2014},
  month = {Aug},
  publisher = {American Physical Society},
  doi = {10.1103/PhysRevLett.113.076407},
  url = {http://link.aps.org/doi/10.1103/PhysRevLett.113.076407},
}
@article{kit:12,
author={Kitagawa, T.},
title={Topological phenomena in quantum walks: elementary introduction to the physics of topological phases},
journal={Quantum Information Processing},
year={2012},
volume={11},
number={5},
pages={1107--1148},
issn={1573-1332},
doi={10.1007/s11128-012-0425-4},
url={http://dx.doi.org/10.1007/s11128-012-0425-4}
}
@article{bud:die:15,
  title = {Topology of density matrices},
  author = {Budich, J. C. and Diehl, S.},
  journal = {Phys. Rev. B},
  volume = {91},
  issue = {16},
  pages = {165140},
  numpages = {8},
  year = {2015},
  month = {Apr},
  publisher = {American Physical Society},
  doi = {10.1103/PhysRevB.91.165140},
  url = {http://link.aps.org/doi/10.1103/PhysRevB.91.165140}
}
@article {ber:84,
	author = {Berry, M. V.},
	title = {Quantal Phase Factors Accompanying Adiabatic Changes},
	volume = {392},
	number = {1802},
	pages = {45--57},
	year = {1984},
	doi = {10.1098/rspa.1984.0023},
	publisher = {The Royal Society},
	issn = {0080-4630},
	journal = {Proceedings of the Royal Society of London A: Mathematical, Physical and Engineering Sciences}
	url = {http://rspa.royalsocietypublishing.org/content/392/1802/45},
}
@article {uhl:89,
author = {Uhlmann, A.},
title = {On Berry Phases Along Mixtures of States},
journal = {Annalen der Physik},
volume = {501},
number = {1},
publisher = {WILEY-VCH Verlag},
issn = {1521-3889},
url = {http://dx.doi.org/10.1002/andp.19895010108},
doi = {10.1002/andp.19895010108},
pages = {63--69},
year = {1989},
}
@article{viy:riv:del:2d:14,
  title = {Two-Dimensional Density-Matrix Topological Fermionic Phases: Topological Uhlmann Numbers},
  author = {Viyuela, O. and Rivas, A. and Martin-Delgado, M. A.},
  journal = {Phys. Rev. Lett.},
  volume = {113},
  issue = {7},
  pages = {076408},
  numpages = {5},
  year = {2014},
  month = {Aug},
  publisher = {American Physical Society},
  doi = {10.1103/PhysRevLett.113.076408},
  url = {http://link.aps.org/doi/10.1103/PhysRevLett.113.076408}
}
@article {sjo:15,
	author = {Andersson, O. and Bengtsson, I. and Ericsson, M. and Sjoqvist, E.},
	title = {Geometric phases for mixed states of the Kitaev chain},
	volume = {374},
	number = {2068},
	pages = {20150231},
	year = {2016},
	publisher = {The Royal Society},
	issn = {1364-503X},
	journal = {Philosophical Transactions of the Royal Society of London A: Mathematical, Physical and Engineering Sciences}
	doi = {10.1098/rsta.2015.0231}
}
@article{pau:vie:08,
  title = {Macroscopic distinguishability between quantum states defining different phases of matter: Fidelity and the Uhlmann geometric phase},
  author = {Paunkovic, N. and Rocha Vieira, V.},
  journal = {Phys. Rev. E},
  volume = {77},
  issue = {1},
  pages = {011129},
  numpages = {14},
  year = {2008},
  month = {Jan},
  publisher = {American Physical Society},
  doi = {10.1103/PhysRevE.77.011129},
  url = {http://link.aps.org/doi/10.1103/PhysRevE.77.011129}
}
@article{zan:pau:06,
  title = {Ground state overlap and quantum phase transitions},
  author = {Zanardi, P. and Paunkovic, N.},
  journal = {Phys. Rev. E},
  volume = {74},
  issue = {3},
  pages = {031123},
  numpages = {6},
  year = {2006},
  month = {Sep},
  publisher = {American Physical Society},
  doi = {10.1103/PhysRevE.74.031123},
  url = {http://link.aps.org/doi/10.1103/PhysRevE.74.031123}
}
@article{oli:sac:14,
  title = {Entanglement modes and topological phase transitions in superconductors},
  author = {Oliveira, T. P. and Sacramento, P. D.},
  journal = {Phys. Rev. B},
  volume = {89},
  issue = {9},
  pages = {094512},
  numpages = {15},
  year = {2014},
  month = {Mar},
  publisher = {American Physical Society},
  doi = {10.1103/PhysRevB.89.094512},
  url = {http://link.aps.org/doi/10.1103/PhysRevB.89.094512}
}

@article{car:pac:05,
  title = {Geometric Phases and Criticality in Spin-Chain Systems},
  author = {Carollo, A.o C. M. and Pachos, J. K.},
  journal = {Phys. Rev. Lett.},
  volume = {95},
  issue = {15},
  pages = {157203},
  numpages = {4},
  year = {2005},
  month = {Oct},
  publisher = {American Physical Society},
  doi = {10.1103/PhysRevLett.95.157203},
  url = {http://link.aps.org/doi/10.1103/PhysRevLett.95.157203}
}

@article{kit:exp:12,
  title={Observation of topologically protected bound states in photonic quantum walks},
  author={Kitagawa, T. and Broome, M. A. and Fedrizzi, A. and Rudner, M. S. and Berg, E. and Kassal, I. and Aspuru-Guzik, A. and Demler, E. and White, A. G.},
  journal={Nature communications},
  volume={3},
  pages={882},
  year={2012},
  publisher={Nature Publishing Group}
}

@article{car:exp:16,
  title={Statistical moments of quantum-walk dynamics reveal topological quantum transitions},
  author={Cardano, F. and Maffei, M. and Massa, F. and Piccirillo, B. and de Lisio, C. and De Filippis, G.o and Cataudella, V. and Santamato, E. and Marrucci, L.},
  journal={Nature communications},
  volume={7},
  year={2016},
  publisher={Nature Publishing Group}
}

@article{hal:88,
  title = {Model for a Quantum Hall Effect without Landau Levels: Condensed-Matter Realization of the ``Parity Anomaly''},
  author = {Haldane, F. D. M.},
  journal = {Phys. Rev. Lett.},
  volume = {61},
  issue = {18},
  pages = {2015--2018},
  numpages = {0},
  year = {1988},
  month = {Oct},
  publisher = {American Physical Society},
  doi = {10.1103/PhysRevLett.61.2015},
  url = {http://link.aps.org/doi/10.1103/PhysRevLett.61.2015}
}
@article{bar:exp:16,
  title = {Measuring topological invariants in disordered discrete-time quantum walks},
  author = {Barkhofen, S. and Nitsche, T. and Elster, F. and Lorz, L. and Gabris, A. and Jex, I. and Silberhorn, C.},
  journal = {Phys. Rev. A},
  volume = {96},
  issue = {3},
  pages = {033846},
  numpages = {9},
  year = {2017},
  month = {Sep},
  publisher = {American Physical Society},
  doi = {10.1103/PhysRevA.96.033846},
  url = {https://link.aps.org/doi/10.1103/PhysRevA.96.033846}
}

@article{tknn:82,
  title = {Quantized Hall Conductance in a Two-Dimensional Periodic Potential},
  author = {Thouless, D. J. and Kohmoto, M. and Nightingale, M. P. and den Nijs, M.},
  journal = {Phys. Rev. Lett.},
  volume = {49},
  issue = {6},
  pages = {405--408},
  numpages = {0},
  year = {1982},
  month = {Aug},
  publisher = {American Physical Society},
  doi = {10.1103/PhysRevLett.49.405},
  url = {http://link.aps.org/doi/10.1103/PhysRevLett.49.405}
}


@article{ando:13,
author = {Ando, Y.},
title = {Topological Insulator Materials},
journal = {Journal of the Physical Society of Japan},
volume = {82},
number = {10},
pages = {102001},
year = {2013},
doi = {10.7566/JPSJ.82.102001},
url = {http://dx.doi.org/10.7566/JPSJ.82.102001},
}

@article{x:g:wen:91,
  title = {Gapless boundary excitations in the quantum Hall states and in the chiral spin states},
  author = {Wen, X. G.},
  journal = {Phys. Rev. B},
  volume = {43},
  issue = {13},
  pages = {11025--11036},
  numpages = {0},
  year = {1991},
  month = {May},
  publisher = {American Physical Society},
  doi = {10.1103/PhysRevB.43.11025},
  url = {http://link.aps.org/doi/10.1103/PhysRevB.43.11025}
}
@article{ryu:hat:02,
  title = {Topological Origin of Zero-Energy Edge States in Particle-Hole Symmetric Systems},
  author = {Ryu, S. and Hatsugai, Y.},
  journal = {Phys. Rev. Lett.},
  volume = {89},
  issue = {7},
  pages = {077002},
  numpages = {4},
  year = {2002},
  month = {Jul},
  publisher = {American Physical Society},
  doi = {10.1103/PhysRevLett.89.077002},
  url = {http://link.aps.org/doi/10.1103/PhysRevLett.89.077002}
}
@book{zen:che:zho:wen:15,
  title = {Quantum Information meets Quantum Matter -- From Quantum Entanglement to Topological Phase in Many-Body Systems},
  author = {Zeng, B. and Chen, X. and Zhou, D.-L. and Wen, X.-G.},
  publisher={arxiv.org/abs/1508.02595},
   year = {2015},
  url = {http://arxiv.org/abs/1508.02595}
}

@article{zan:gio:coz:07,
  title = {Information-Theoretic Differential Geometry of Quantum Phase Transitions},
  author = {Zanardi, P. and Giorda, P. and Cozzini, M.},
  journal = {Phys. Rev. Lett.},
  volume = {99},
  issue = {10},
  pages = {100603},
  numpages = {4},
  year = {2007},
  month = {Sep},
  publisher = {American Physical Society},
  doi = {10.1103/PhysRevLett.99.100603},
  url = {http://link.aps.org/doi/10.1103/PhysRevLett.99.100603}
}


@article{gu:kwo:nin:wen:lin:08,
  title = {Fidelity susceptibility, scaling, and universality in quantum critical phenomena},
  author = {Gu, S.-J.n and Kwok, H.-M. and Ning, W.-Q. and Lin, H.-Q.},
  journal = {Phys. Rev. B},
  volume = {77},
  issue = {24},
  pages = {245109},
  numpages = {5},
  year = {2008},
  month = {Jun},
  publisher = {American Physical Society},
  doi = {10.1103/PhysRevB.77.245109},
  url = {http://link.aps.org/doi/10.1103/PhysRevB.77.245109}
}

@article{aba:ham:zan:08,
  title = {Fidelity analysis of topological quantum phase transitions},
  author = {Abasto, D. F. and Hamma, A. and Zanardi, P.},
  journal = {Phys. Rev. A},
  volume = {78},
  issue = {1},
  pages = {010301},
  numpages = {4},
  year = {2008},
  month = {Jul},
  publisher = {American Physical Society},
  doi = {10.1103/PhysRevA.78.010301},
  url = {http://link.aps.org/doi/10.1103/PhysRevA.78.010301}
}

@article{ham:zha:haa:lid:08,
  title = {Entanglement, fidelity, and topological entropy in a quantum phase transition to topological order},
  author = {Hamma, A. and Zhang, W. and Haas, S. and Lidar, D. A.},
  journal = {Phys. Rev. B},
  volume = {77},
  issue = {15},
  pages = {155111},
  numpages = {6},
  year = {2008},
  month = {Apr},
  publisher = {American Physical Society},
  doi = {10.1103/PhysRevB.77.155111},
  url = {http://link.aps.org/doi/10.1103/PhysRevB.77.155111}
}

@article{maz:ham:12,
title = {Topological order, entanglement, and quantum memory at finite temperature},
journal = {Annals of Physics},
volume = {327},
number = {9},
pages = {2096 - 2111},
year = {2012},
doi = {http://dx.doi.org/10.1016/j.aop.2012.05.004},
url = {http://www.sciencedirect.com/science/article/pii/S0003491612000723},
author = {Mazáč, D. and Hamma, A.},
}

@article{zha:zho:09,
  title = {Singularities in ground-state fidelity and quantum phase transitions for the Kitaev model},
  author = {Zhao, J.-H. and Zhou, H.-Q.},
  journal = {Phys. Rev. B},
  volume = {80},
  issue = {1},
  pages = {014403},
  numpages = {6},
  year = {2009},
  month = {Jul},
  publisher = {American Physical Society},
  doi = {10.1103/PhysRevB.80.014403},
  url = {http://link.aps.org/doi/10.1103/PhysRevB.80.014403}
}

@article{ham:ion:zan:05,
title = {Ground state entanglement and geometric entropy in the Kitaev model },
journal = {Physics Letters A },
volume = {337},
number = {1–2},
pages = {22 - 28},
year = {2005},
doi = {http://dx.doi.org/10.1016/j.physleta.2005.01.060},
url = {http://www.sciencedirect.com/science/article/pii/S0375960105001544},
author = {Hamma, A. and Ionicioiu, R. and Zanardi, P.}
}

@article{viy:riv:del:12,
  title = {Thermal instability of protected end states in a one-dimensional topological insulator},
  author = {Viyuela, O. and Rivas, A. and Martin-Delgado, M. A.},
  journal = {Phys. Rev. B},
  volume = {86},
  issue = {15},
  pages = {155140},
  numpages = {5},
  year = {2012},
  month = {Oct},
  publisher = {American Physical Society},
  doi = {10.1103/PhysRevB.86.155140},
  url = {http://link.aps.org/doi/10.1103/PhysRevB.86.155140}
}


@article{hal:ham:12,
  title = {Probing topological order with R\'enyi entropy},
  author = {Hal\'asz, G. B. and Hamma, A.},
  journal = {Phys. Rev. A},
  volume = {86},
  issue = {6},
  pages = {062330},
  numpages = {12},
  year = {2012},
  month = {Dec},
  publisher = {American Physical Society},
  doi = {10.1103/PhysRevA.86.062330},
  url = {http://link.aps.org/doi/10.1103/PhysRevA.86.062330}
}
@article{pau:sac:nog:vie:dug,
  title = {Fidelity between partial states as a signature of quantum phase transitions},
  author = {Paunkovic, N. and Sacramento, P. D. and Nogueira, P. and Vieira, V. R. and Dugaev, V. K.},
  journal = {Phys. Rev. A},
  volume = {77},
  issue = {5},
  pages = {052302},
  numpages = {10},
  year = {2008},
  month = {May},
  publisher = {American Physical Society},
  doi = {10.1103/PhysRevA.77.052302},
  url = {http://link.aps.org/doi/10.1103/PhysRevA.77.052302}
} 
@article{vie:10,
  title={Quantum information and phase transitions: Fidelity and state distinguishability},
  author={Vieira, V. R.},
  journal={Journal of Physics, Conference Series (Online)},
  volume={213},
  number={1},
  year={2010}
}
@article{kem:que:smi:16,
  title = {Univeralities of thermodynamic signatures in topological phases},
  author = {Kempkes, S. N. and Quelle, A. and Morais Smith, C.},
  journal = {Scientific Reports},
  volume = {6},
  pages = {38530},
   year = {2016},
  doi = {10.1038/srep38530},
  url = {http://dx.doi.org/10.1038/srep38530}
}

@article{viy:riv:mar:15,
  author={Viyuela, O. and Rivas, A. and Martin-Delgado, M. A.},
  title={Symmetry-protected topological phases at finite temperature},
  journal={2D Materials},
  volume={2},
  number={3},
  pages={034006},
  url={http://stacks.iop.org/2053-1583/2/i=3/a=034006},
  year={2015},
  }
@article{shi:mor:miy:15,
  title = {Condition for emergence of the Floquet-Gibbs state in periodically driven open systems},
  author = {Shirai, T. and Mori, T. and Miyashita, S.},
  journal = {Phys. Rev. E},
  volume = {91},
  issue = {3},
  pages = {030101},
  numpages = {6},
  year = {2015},
  month = {Mar},
  publisher = {American Physical Society},
  doi = {10.1103/PhysRevE.91.030101},
  url = {http://link.aps.org/doi/10.1103/PhysRevE.91.030101}
}
@article{shi:thi:mor:han:may:16,
  author={Shirai, T. and Thingna, J. and Mori, T. and Denisov, S. and Hänggi, P. and Miyashita, S.},
  title={Effective Floquet–Gibbs states for dissipative quantum systems},
  journal={New Journal of Physics},
  volume={18},
  number={5},
  pages={053008},
  url={http://stacks.iop.org/1367-2630/18/i=5/a=053008},
  year={2016},
}


@book{chr:jam:12,
  title={Geometric phases in classical and quantum mechanics},
  author={Chruscinski, D. and Jamiolkowski, A.},
  volume={36},
  year={2012},
  publisher={Springer Science \& Business Media}
}

@article{asb:12,
  title = {Symmetries, topological phases, and bound states in the one-dimensional quantum walk},
  author = {Asboth, J. K.},
  journal = {Phys. Rev. B},
  volume = {86},
  issue = {19},
  pages = {195414},
  numpages = {9},
  year = {2012},
  month = {Nov},
  publisher = {American Physical Society},
  doi = {10.1103/PhysRevB.86.195414},
  url = {http://link.aps.org/doi/10.1103/PhysRevB.86.195414}
}
@article{asb:obu:13,
  title = {Bulk-boundary correspondence for chiral symmetric quantum walks},
  author = {Asboth, J. K. and Obuse, H.},
  journal = {Phys. Rev. B},
  volume = {88},
  issue = {12},
  pages = {121406},
  numpages = {5},
  year = {2013},
  month = {Sep},
  publisher = {American Physical Society},
  doi = {10.1103/PhysRevB.88.121406},
  url = {http://link.aps.org/doi/10.1103/PhysRevB.88.121406}
}

@article{uhl:11,
  title={Transition probability (fidelity) and its relatives},
  author={Uhlmann, A.},
  journal={Foundations of Physics},
  volume={41},
  number={3},
  pages={288--298},
  year={2011},
  publisher={Springer}
}

@article{mer:vla:pau:vie:17,
  title = {Uhlmann Connection in Fermionic Systems Undergoing Phase Transitions},
  author = {Mera, B. and Vlachou, C. and Paunkovic, N. and Vieira, V. R.},
  journal = {Phys. Rev. Lett.},
  volume = {119},
  issue = {1},
  pages = {015702},
  numpages = {6},
  year = {2017},
  month = {Jul},
  publisher = {American Physical Society},
  doi = {10.1103/PhysRevLett.119.015702},
  url = {https://link.aps.org/doi/10.1103/PhysRevLett.119.015702}
}
@article{kit:ber:rud:dem:10,
  title = {Topological characterization of periodically driven quantum systems},
  author = {Kitagawa, T. and Berg, E. and Rudner, M. and Demler, E.},
  journal = {Phys. Rev. B},
  volume = {82},
  issue = {23},
  pages = {235114},
  numpages = {12},
  year = {2010},
  month = {Dec},
  publisher = {American Physical Society},
  doi = {10.1103/PhysRevB.82.235114},
  url = {http://link.aps.org/doi/10.1103/PhysRevB.82.235114}
}

@article{gro:bra:alt:mes:asb:16,
  title = {Robustness of topologically protected edge states in quantum walk experiments with neutral atoms},
  author = {Groh, T. and Brakhane, S. and Alt, W. and Meschede, D. and Asboth, J. K. and Alberti, A.},
  journal = {Phys. Rev. A},
  volume = {94},
  issue = {1},
  pages = {013620},
  numpages = {15},
  year = {2016},
  month = {Jul},
  publisher = {American Physical Society},
  doi = {10.1103/PhysRevA.94.013620},
  url = {http://link.aps.org/doi/10.1103/PhysRevA.94.013620}
}

@article{mug:cel:mas:asb:lew:lob:16,
  title = {Topological bound states of a quantum walk with cold atoms},
  author = {Mugel, S. and Celi, A. and Massignan, P. and Asboth, J. K. and Lewenstein, M. and Lobo, C.},
  journal = {Phys. Rev. A},
  volume = {94},
  issue = {2},
  pages = {023631},
  numpages = {16},
  year = {2016},
  month = {Aug},
  publisher = {American Physical Society},
  doi = {10.1103/PhysRevA.94.023631},
  url = {http://link.aps.org/doi/10.1103/PhysRevA.94.023631}
}

@article{rak:asb:alb:16,
  title = {Detecting topological invariants in chiral symmetric insulators via losses},
  author = {Rakovszky, T. and Asboth, J. K. and Alberti, A.},
  journal = {Phys. Rev. B},
  volume = {95},
  issue = {20},
  pages = {201407},
  numpages = {6},
  year = {2017},
  month = {May},
  publisher = {American Physical Society},
  doi = {10.1103/PhysRevB.95.201407},
  url = {https://link.aps.org/doi/10.1103/PhysRevB.95.201407}
}

@article{rig:mur:ols:06,
  title = {Hard-core bosons on optical superlattices: Dynamics and relaxation in the superfluid and insulating regimes},
  author = {Rigol, M. and Muramatsu, A. and Olshanii, M.},
  journal = {Phys. Rev. A},
  volume = {74},
  issue = {5},
  pages = {053616},
  numpages = {13},
  year = {2006},
  month = {Nov},
  publisher = {American Physical Society},
  doi = {10.1103/PhysRevA.74.053616},
  url = {https://link.aps.org/doi/10.1103/PhysRevA.74.053616}
}

@article{rig:dun:yur:ols:07,
  title = {Relaxation in a Completely Integrable Many-Body Quantum System: An Ab Initio Study of the Dynamics of the Highly Excited States of 1D Lattice Hard-Core Bosons},
  author = {Rigol, M. and Dunjko, V. and Yurovsky, V. and Olshanii, M.},
  journal = {Phys. Rev. Lett.},
  volume = {98},
  issue = {5},
  pages = {050405},
  numpages = {4},
  year = {2007},
  month = {Feb},
  publisher = {American Physical Society},
  doi = {10.1103/PhysRevLett.98.050405},
  url = {https://link.aps.org/doi/10.1103/PhysRevLett.98.050405}
}

@article{vid:rig:16,
  author={Vidmar, L. and Rigol, M.},
  title={Generalized Gibbs ensemble in integrable lattice models},
  journal={Journal of Statistical Mechanics: Theory and Experiment},
  volume={2016},
  number={6},
  pages={064007},
  url={http://stacks.iop.org/1742-5468/2016/i=6/a=064007},
  year={2016},
  
}

@article{aha:dav:zag:93,
  title = {Quantum random walks},
  author = {Aharonov, Y. and Davidovich, L. and Zagury, N.},
  journal = {Phys. Rev. A},
  volume = {48},
  issue = {2},
  pages = {1687--1690},
  numpages = {0},
  year = {1993},
  month = {Aug},
  publisher = {American Physical Society},
  doi = {10.1103/PhysRevA.48.1687},
  url = {http://link.aps.org/doi/10.1103/PhysRevA.48.1687}
}
@article{cot:etal:06,
  author={Cote, R. and Russell, A. and Eyler, E. E. and Gould, P. L.},
  title={Quantum random walk with Rydberg atoms in an optical lattice},
  journal={New Journal of Physics},
  volume={8},
  number={8},
  pages={156},
  url={http://stacks.iop.org/1367-2630/8/i=8/a=156},
  year={2006},
}

@article {kar:etal:09,
	author = {Karski, M. and Forster, L. and Choi, J.-M. and Steffen, A. and Alt, W. and Meschede, D. and Widera, A.},
	title = {Quantum Walk in Position Space with Single Optically Trapped Atoms},
	volume = {325},
	number = {5937},
	pages = {174--177},
	year = {2009},
	doi = {10.1126/science.1174436},
	publisher = {American Association for the Advancement of Science},
	issn = {0036-8075},
	URL = {http://science.sciencemag.org/content/325/5937/174},
	eprint = {http://science.sciencemag.org/content/325/5937/174.full.pdf},
	journal = {Science}
}

@article{bro:etal:10,
  title = {Discrete Single-Photon Quantum Walks with Tunable Decoherence},
  author = {Broome, M. A. and Fedrizzi, A. and Lanyon, B. P. and Kassal, I. and Aspuru-Guzik, A. and White, A. G.},
  journal = {Phys. Rev. Lett.},
  volume = {104},
  issue = {15},
  pages = {153602},
  numpages = {4},
  year = {2010},
  month = {Apr},
  publisher = {American Physical Society},
  doi = {10.1103/PhysRevLett.104.153602},
  url = {https://link.aps.org/doi/10.1103/PhysRevLett.104.153602}
}

@article{san:etal:12,
  title = {Two-Particle Bosonic-Fermionic Quantum Walk via Integrated Photonics},
  author = {Sansoni, L. and Sciarrino, F. and Vallone, G. and Mataloni, P. and Crespi, A. and Ramponi, R. and Osellame, R.},
  journal = {Phys. Rev. Lett.},
  volume = {108},
  issue = {1},
  pages = {010502},
  numpages = {5},
  year = {2012},
  month = {Jan},
  publisher = {American Physical Society},
  doi = {10.1103/PhysRevLett.108.010502},
  url = {http://link.aps.org/doi/10.1103/PhysRevLett.108.010502}
}
@article{zha:goy:sim:san:17,
  title = {Decomposition of split-step quantum walks for simulating Majorana modes and edge states},
  author = {Zhang, W.-W.i and Goyal, S. K. and Simon, C. and Sanders, B. C.},
  journal = {Phys. Rev. A},
  volume = {95},
  issue = {5},
  pages = {052351},
  numpages = {7},
  year = {2017},
  month = {May},
  publisher = {American Physical Society},
  doi = {10.1103/PhysRevA.95.052351},
  url = {https://link.aps.org/doi/10.1103/PhysRevA.95.052351}
}
@article{asb:tar:del:14,
  title = {Chiral symmetry and bulk-boundary correspondence in periodically driven one-dimensional systems},
  author = {Asboth, J. K. and Tarasinski, B. and Delplace, P.},
  journal = {Phys. Rev. B},
  volume = {90},
  issue = {12},
  pages = {125143},
  numpages = {7},
  year = {2014},
  month = {Sep},
  publisher = {American Physical Society},
  doi = {10.1103/PhysRevB.90.125143},
  url = {https://link.aps.org/doi/10.1103/PhysRevB.90.125143}
}
@article{gro:bra:alt:mes:asb:alb:16,
  title = {Robustness of topologically protected edge states in quantum walk experiments with neutral atoms},
  author = {Groh, T. and Brakhane, S. and Alt, W.and Meschede, D. and Asboth, J. K. and Alberti, A.},
  journal = {Phys. Rev. A},
  volume = {94},
  issue = {1},
  pages = {013620},
  numpages = {15},
  year = {2016},
  month = {Jul},
  publisher = {American Physical Society},
  doi = {10.1103/PhysRevA.94.013620},
  url = {https://link.aps.org/doi/10.1103/PhysRevA.94.013620}
}




@article{zan:ven:gio:07,
  title = {Bures metric over thermal state manifolds and quantum criticality},
  author = {Zanardi, P. and Campos Venuti, L. and Giorda, P.},
  journal = {Phys. Rev. A},
  volume = {76},
  issue = {6},
  pages = {062318},
  numpages = {8},
  year = {2007},
  month = {Dec},
  publisher = {American Physical Society},
  doi = {10.1103/PhysRevA.76.062318},
  url = {http://link.aps.org/doi/10.1103/PhysRevA.76.062318}
}
@book{and:07,
  title={Basic notions of condensed matter physics},
  author={Anderson, P. W.},
  year={1997},
  publisher={Boulder, Co. : Westview Press}
}
@article{hub:93,
title = {Computation of Uhlmann's parallel transport for density matrices and the Bures metric on three-dimensional Hilbert space},
journal = {Physics Letters A},
volume = {179},
number = {4},
pages = {226 - 230},
year = {1993},
issn = {0375-9601},
doi = {http://dx.doi.org/10.1016/0375-9601(93)90668-P},
url = {http://www.sciencedirect.com/science/article/pii/037596019390668P},
author = {Hubner, M.},

}
@article{tid:sjo:03,
  title = {Uhlmann's geometric phase in presence of isotropic decoherence},
  author = {Tidstrom, J. and Sjoqvist, E.},
  journal = {Phys. Rev. A},
  volume = {67},
  issue = {3},
  pages = {032110},
  numpages = {6},
  year = {2003},
  month = {Mar},
  publisher = {American Physical Society},
  doi = {10.1103/PhysRevA.67.032110},
  url = {http://link.aps.org/doi/10.1103/PhysRevA.67.032110}
}

@article{abe:kul:sjo:oi:07,
  title = {Operational approach to the Uhlmann holonomy},
  author = {Aberg, J. and Kult, D. and Sjoqvist, E. and Oi, D. K. L.},
  journal = {Phys. Rev. A},
  volume = {75},
  issue = {3},
  pages = {032106},
  numpages = {7},
  year = {2007},
  month = {Mar},
  publisher = {American Physical Society},
  doi = {10.1103/PhysRevA.75.032106},
  url = {http://link.aps.org/doi/10.1103/PhysRevA.75.032106}
}


@article{cre:99,
  title = {End States, Ladder Compounds, and Domain-Wall Fermions},
  author = {Creutz, M.},
  journal = {Phys. Rev. Lett.},
  volume = {83},
  issue = {13},
  pages = {2636--2639},
  numpages = {0},
  year = {1999},
  month = {Sep},
  publisher = {American Physical Society},
  doi = {10.1103/PhysRevLett.83.2636},
  url = {http://link.aps.org/doi/10.1103/PhysRevLett.83.2636}
}
@article{ber:pat:ami:del:09,
  title = {Topology-Induced Anomalous Defect Production by Crossing a Quantum Critical Point},
  author = {Bermudez, A. and Patane, D. and Amico, L. and Martin-Delgado, M. A.},
  journal = {Phys. Rev. Lett.},
  volume = {102},
  issue = {13},
  pages = {135702},
  numpages = {4},
  year = {2009},
  month = {Apr},
  publisher = {American Physical Society},
  doi = {10.1103/PhysRevLett.102.135702},
  url = {http://link.aps.org/doi/10.1103/PhysRevLett.102.135702}
}
@article{su:sch:hee:79,
  title = {Solitons in Polyacetylene},
  author = {Su, W. P. and Schrieffer, J. R. and Heeger, A. J.},
  journal = {Phys. Rev. Lett.},
  volume = {42},
  issue = {25},
  pages = {1698--1701},
  numpages = {0},
  year = {1979},
  month = {Jun},
  publisher = {American Physical Society},
  doi = {10.1103/PhysRevLett.42.1698},
  url = {http://link.aps.org/doi/10.1103/PhysRevLett.42.1698}
}
@article{kit:cha:01,
  author={Kitaev, A. Y.},
  title={Unpaired Majorana fermions in quantum wires},
  journal={Physics-Uspekhi},
  volume={44},
  number={10S},
  pages={131},
  url={http://stacks.iop.org/1063-7869/44/i=10S/a=S29},
  year={2001},
  
}
@article{bar:coo:sch:57,
  title = {Theory of Superconductivity},
  author = {Bardeen, J. and Cooper, L. N. and Schrieffer, J. R.},
  journal = {Phys. Rev.},
  volume = {108},
  issue = {5},
  pages = {1175--1204},
  numpages = {0},
  year = {1957},
  month = {Dec},
  publisher = {American Physical Society},
  doi = {10.1103/PhysRev.108.1175},
  url = {http://link.aps.org/doi/10.1103/PhysRev.108.1175}
}

@article{reu:har:ple:07,
  title = {Geometric Phases and Critical Phenomena in a Chain of Interacting Spins},
  author = {Reuter, M. E. and Hartmann, M. J. and Plenio, M. B. },
  journal = {Proceedings: Mathematical, Physical and Engineering Sciences},
  volume = {463},
  issue = {2081},
  pages = {1271-1285},
  year = {2007},
  month = {May},
  publisher = {Royal Society},
  url = {http://www.jstor.org/stable/20209182}

}




@article{eri:pat:sjo:bra:oi:03,
  title = {Mixed State Geometric Phases, Entangled Systems, and Local Unitary Transformations},
  author = {Ericsson, M. and Pati, A. K. and Sjoqvist, E. and Brannlund, J. and Oi, D. K. L.},
  journal = {Phys. Rev. Lett.},
  volume = {91},
  issue = {9},
  pages = {090405},
  numpages = {4},
  year = {2003},
  month = {Aug},
  publisher = {American Physical Society},
  doi = {10.1103/PhysRevLett.91.090405},
  url = {https://link.aps.org/doi/10.1103/PhysRevLett.91.090405}
}
@article{mou:can:sjo:11,
  title = {Non-Abelian quantum holonomy of hydrogenlike atoms},
  author = {Mousolou, V. A. and Canali, C. M. and Sjoqvist, E.},
  journal = {Phys. Rev. A},
  volume = {84},
  issue = {3},
  pages = {032111},
  numpages = {8},
  year = {2011},
  month = {Sep},
  publisher = {American Physical Society},
  doi = {10.1103/PhysRevA.84.032111},
  url = {https://link.aps.org/doi/10.1103/PhysRevA.84.032111}
}

@article{ipp:riz:gio:maz:16,
  title = {Quantum memories with zero-energy Majorana modes and experimental constraints},
  author = {Ippoliti, M. and Rizzi, M. and Giovannetti, V. and Mazza, L.},
  journal = {Phys. Rev. A},
  volume = {93},
  issue = {6},
  pages = {062325},
  numpages = {17},
  year = {2016},
  month = {Jun},
  publisher = {American Physical Society},
  doi = {10.1103/PhysRevA.93.062325},
  url = {https://link.aps.org/doi/10.1103/PhysRevA.93.062325}
}
@article{ali:12,
  title = {New directions in the pursuit of Majorana fermions in solid state systems},
  author = {Alicea, J.},
  journal = {Reports on Progress in Physics},
  volume = {75},
  issue = {7},
  pages = {076501},
  year = {2012},
  month = {Jun},
  publisher = {IOPSCIENCE},
  doi = {https://doi.org/10.1088/0034-4885/75/7/076501},
}

@article{rod:mat:pau:sou:17,
  author={Rodrigues, J. and Mateus, P. and Paunkovic, N. and Souto, A.},
  title={Oblivious transfer based on single-qubit rotations},
  journal={Journal of Physics A: Mathematical and Theoretical},
  volume={50},
  number={20},
  pages={205301},
  url={http://stacks.iop.org/1751-8121/50/i=20/a=205301},
  year={2017},
  }

@article{pir:ott:spe:wee:bra:llo:geh:jac:and:15,
  title={High-rate measurement-device-independent quantum cryptography},
  author={Pirandola, S. and Ottaviani, C. and Spedalieri, G. and Weedbrook, C. and Braunstein, S. L. and Lloyd, S. and Gehring, T. and Jacobsen, C. S. and Andersen, U. L.},
  journal={Nature Photonics},
  volume={9},
  number={6},
  pages={397--402},
  year={2015},
  publisher={Nature Research}
}
@article{ber:chr:col:ren:ren:10,
  title={The uncertainty principle in the presence of quantum memory},
  author={Berta, M. and Christandl, M. and Colbeck, R. and Renes, J. M. and Renner, R.},
  journal={Nature Physics},
  volume={6},
  number={9},
  pages={659--662},
  year={2010},
  publisher={Nature Publishing Group}
}
@article{lou:alm:and:pin:mat:pau:14,
  title = {Noise and measurement errors in a practical two-state quantum bit commitment protocol},
  author = {Loura, R. and Almeida, A. J. and Andre, P. S. and Pinto, A. N. and Mateus, P. and Paunkovic, N.},
  journal = {Phys. Rev. A},
  volume = {89},
  issue = {5},
  pages = {052336},
  numpages = {15},
  year = {2014},
  month = {May},
  publisher = {American Physical Society},
  doi = {10.1103/PhysRevA.89.052336},
  url = {https://link.aps.org/doi/10.1103/PhysRevA.89.052336}
}
@article{lou:ars:pau:pop:prv:16,
  title = {Security of two-state and four-state practical quantum bit-commitment protocols},
  author = {Loura, R. and Arsenovic, D. and Paunkovic, N. and Popovic, D. B. and Prvanovic, S.},
  journal = {Phys. Rev. A},
  volume = {94},
  issue = {6},
  pages = {062335},
  numpages = {11},
  year = {2016},
  month = {Dec},
  publisher = {American Physical Society},
  doi = {10.1103/PhysRevA.94.062335},
  url = {https://link.aps.org/doi/10.1103/PhysRevA.94.062335}
}
@article{qua:zur:10,
  author={Quan, H. T. and Zurek, W. H.},
  title={Testing quantum adiabaticity with quench echo},
  journal={New Journal of Physics},
  volume={12},
  number={9},
  pages={093025},
  url={http://stacks.iop.org/1367-2630/12/i=9/a=093025},
  year={2010},
}
@article{mer:vla:pau:vie:17:qw,
  author={Mera, B. and Vlachou, C. and Paunkovic, N. and Vieira, V. R.},
  title={Boltzmann–Gibbs states in topological quantum walks and associated many-body systems: fidelity and Uhlmann parallel transport analysis of phase transitions},
  journal={Journal of Physics A: Mathematical and Theoretical},
  volume={50},
  number={36},
  pages={365302},
  url={http://stacks.iop.org/1751-8121/50/i=36/a=365302},
  year={2017},
}
@article{viy:riv:gas:wal:fil:del:18,
  title = {Observation of topological Uhlmann phases with superconducting qubits},
  author = {Viyuela, O. and Rivas, A. and Gasparinetti, S. and Wallraff, A. and Filipp, S. and Martin-Delgado, M.A.},
  journal = {npj Quantum Information},
  volume = {4},
  issue = {1},
  pages = {10},
  year = {2018},
  month = {Feb},
  doi = {10.1038/s41534-017-0056-9},
  url = {https://doi.org/10.1038/s41534-017-0056-9}
  
  
  
  
  @article{zau:hal:17,
  title = {Probing the anomalous dynamical phase in long-range quantum spin chains through Fisher-zero lines},
  author = {Zauner-Stauber, V. and Halimeh, J. C.},
  journal = {Phys. Rev. E},
  volume = {96},
  issue = {6},
  pages = {062118},
  numpages = {8},
  year = {2017},
  month = {Dec},
  publisher = {American Physical Society},
  doi = {10.1103/PhysRevE.96.062118},
  url = {https://link.aps.org/doi/10.1103/PhysRevE.96.062118}
}
@article{hal:zau:17,
  title = {Dynamical phase diagram of quantum spin chains with long-range interactions},
  author = {Halimeh, J. C. and Zauner-Stauber, V.},
  journal = {Phys. Rev. B},
  volume = {96},
  issue = {13},
  pages = {134427},
  numpages = {5},
  year = {2017},
  month = {Oct},
  publisher = {American Physical Society},
  doi = {10.1103/PhysRevB.96.134427},
  url = {https://link.aps.org/doi/10.1103/PhysRevB.96.134427}
}

@article{hal:zau:mcc:veg:sch:kas:17,
  title = {Prethermalization and persistent order in the absence of a thermal phase transition},
  author = {Halimeh, J. C. and Zauner-Stauber, V. and McCulloch, I. P. and de Vega, I. and Schollwock, U. and Kastner, M.},
  journal = {Phys. Rev. B},
  volume = {95},
  issue = {2},
  pages = {024302},
  numpages = {7},
  year = {2017},
  month = {Jan},
  publisher = {American Physical Society},
  doi = {10.1103/PhysRevB.95.024302},
  url = {https://link.aps.org/doi/10.1103/PhysRevB.95.024302}
}
@article{hom:abe:zau:hal:17,
  title = {Anomalous dynamical phase in quantum spin chains with long-range interactions},
  author = {Homrighausen, I. and Abeling, N. O. and Zauner-Stauber, V. and Halimeh, J. C.},
  journal = {Phys. Rev. B},
  volume = {96},
  issue = {10},
  pages = {104436},
  numpages = {7},
  year = {2017},
  month = {Sep},
  publisher = {American Physical Society},
  doi = {10.1103/PhysRevB.96.104436},
  url = {https://link.aps.org/doi/10.1103/PhysRevB.96.104436}
} 
@article{lan:fra:hal:17,
  title = {Concurrence of dynamical phase transitions at finite temperature in the fully connected transverse-field Ising model},
  author = {Lang, J. and Frank, B., and Halimeh, J. C.},
  journal = {arXiv:1712.02175},
  year = {2017},
  url = {https://arxiv.org/abs/1712.02175}
  
  @book{hel:76,
  title={Quantum Detection and Estimation Theory},
  isbn={9780080956329},
  series={Mathematics in Science and Engineering},
  url={https://books.google.pt/books?id=Ne3iT\_QLcsMC},
  year={1976},
  publisher={Elsevier Science}
}
}














%%%%%%%%%%%%%%%%%%%%%%%%%%%%%%%%%%%%%%%%%%%%%%%%%%%%%%%%%%%%%%%%%%%%%%%%%%%%%%%%%%%%%%%%%%%%%%%%%%%%%%%%%%%%
%%%%%%%%%%%%%%%%%%%%%%%%%%%%%%%%%%%%%%%%%%%%%%%%%%%%%%%%%%%%%%%%%%%%%%%%%%%%%%%%%%%%%%%%%%%%%%%%%%%%%%%%%%%%
%%%%%%%%%%%%%%%%%%%%%%%%%%%%%%               QUANTUM WALKS AND CRYPTOGRAPHY                  %%%%%%%%%%%%%%%%%%%%%%%%%%%%%%%%%%%%%%%%%%%%%%%%%%%%%%%%%%%%%%%%%%%%%%%%%%%%%%%%%%%%%%%%%%%%%%%%%%%%%%%%%%%%%%%%%%%%%%%%%%%%%%%%%%%%%%%%%%%%%%%%%%%%%%%%%%%%%%%%%%%%%%%%%%%%%%%%%%%%%%%%%%%%%%%%%%%%%%%%%%%%%%%%%%%%%%%%%%%%%%

@misc{QuintessenceLabsQKD,
  author = {Quintessence Labs},
  title = {Quantum key distribution},
  year = {2017},
  howpublished = {https://www.quintessencelabs.com/quantum-cybersecurity/?tab=quantum-key},
  urldate = {2017-09-30}
}

@misc{magiqtechQKD,
  author = {MagiQ Tech},
  title = {Quantum key distribution},
  year = {2017},
  howpublished = {http://www.magiqtech.com/research-labs/},
  urldate = {2017-09-30}
}


@misc{idquantiqueQKD,
  author = {ID Quantique},
  title = {Quantum key distribution},
  year = {2017},
  howpublished = {http://www.idquantique.com/record-breaking-qkd},
  urldate = {2017-09-30}
}


@misc{idquantique,
  author = {ID Quantique},
  title = {Quantum key distribution record},
  year = {2017},
  howpublished = {http://www.idquantique.com/record-breaking-qkd},
  urldate = {2017-09-30}
}

@Article{ven:and:12,
author={Venegas-Andraca, S. E.},
title={Quantum walks: a comprehensive review},
journal={Quantum Information Processing},
year={2012},
month={Oct},
day={01},
volume={11},
number={5},
pages={1015--1106},
issn={1573-1332},
doi={10.1007/s11128-012-0432-5},
}



@inproceedings{yao:86,
  title={How to generate and exchange secrets},
  author={Yao, A. C.},
  booktitle={Foundations of Computer Science, 1986., 27th Annual Symposium on},
  pages={162--167},
  year={1986},
  organization={IEEE}
}

@article{roh:fit:gil:15,
  title={Quantum walks with encrypted data},
  author={Rohde, P. P. and Fitzsimons, J. F. and Gilchrist, A.},
  journal={Physical review letters},
  volume={109},
  number={15},
  pages={150501},
  year={2012},
  publisher={APS}
}


@article{sey:nik:alb:12,
  title={Symmetries and security of a quantum-public-key encryption based on single-qubit rotations},
  author={Seyfarth, U. and Nikolopoulos, G.M. and Alber, G.},
  journal={Physical Review A},
  volume={85},
  number={2},
  pages={022342},
  year={2012},
  publisher={APS}
}


@inproceedings{krawec2015security,
  title={Security proof of a semi-quantum key distribution protocol},
  author={Krawec, W. O.},
  booktitle={Information Theory (ISIT), 2015 IEEE International Symposium on},
  pages={686--690},
  year={2015},
  organization={IEEE}
}

@article{krawec2016security,
  title={Security of a semi-quantum protocol where reflections contribute to the secret key},
  author={Krawec, W. O.},
  journal={Quantum Information Processing},
  volume={15},
  number={5},
  pages={2067--2090},
  year={2016},
  publisher={Springer}
}

@article{krawec2016quantum,
  title={Quantum Key Distribution with Mismatched Measurements over Arbitrary Channels},
  author={Krawec, W. O.},
  journal={arXiv preprint arXiv:1608.07728},
  year={2016}
}

@article{zha:qiu:mat:16,
  title={Security of a single-state semi-quantum key distribution protocol},
  author={Zhang, W. and Qiu, D. and Mateus, P.},
  journal={arXiv preprint arXiv:1612.03170},
  year={2016}
}


@article{sch:07,
  title = {Experimental Demonstration of Free-Space Decoy-State Quantum Key Distribution over 144 km},
  author = {Schmitt-Manderbach, T. and Weier, H. and Furst, M. and Ursin, R. and Tiefenbacher, F. and Scheidl, T. and Perdigues, J. and Sodnik, Z. and Kurtsiefer, C. and Rarity, J. and Zeilinger, A.n and Weinfurter, H.},
  journal = {Phys. Rev. Lett.},
  volume = {98},
  issue = {1},
  pages = {010504},
  numpages = {4},
  year = {2007},
  month = {Jan},
  publisher = {American Physical Society},
  doi = {10.1103/PhysRevLett.98.010504},
}


@article{may:01,
 author = {Mayers, D.},
 title = {Unconditional security in quantum cryptography},
 journal = {J. ACM},
 volume = {48},
 number = {3},
 month = may,
 year = {2001},
 issn = {0004-5411},
 pages = {351--406},
 numpages = {56},
 doi = {10.1145/382780.382781},
 acmid = {382781},
 publisher = {ACM},
 address = {New York, NY, USA},
 keywords = {quantum cryptography, quantum information theory, unconditional security},
} 



@article{wie:83,
 author = {Wiesner, S.},
 title = {Conjugate Coding},
 journal = {SIGACT News},
 volume = {15},
 number = {1},
 month = jan,
 year = {1983},
 issn = {0163-5700},
 pages = {78--88},
 numpages = {11},
 doi = {10.1145/1008908.1008920},
 acmid = {1008920},
 publisher = {ACM},
 address = {New York, NY, USA},
} 



@article{riv:sha:adl:78,
 author = {Rivest, R. L. and Shamir, A. and Adleman, L.},
 title = {A Method for Obtaining Digital Signatures and Public-key Cryptosystems},
 journal = {Commun. ACM},
 volume = {21},
 number = {2},
 month = feb,
 year = {1978},
 issn = {0001-0782},
 pages = {120--126},
 numpages = {7},
 doi = {10.1145/359340.359342},
 acmid = {359342},
 publisher = {ACM},
 address = {New York, NY, USA},
 keywords = {authentication, cryptography, digital signatures, electronic funds transfer, electronic mail, factorization, message-passing, prime number, privacy, public-key cryptosystems, security},
}

@proceeding{li:etal:06,
author = {Li, X. and Leung, L. and Kwan, A. and Zhang, X. and Kahanda, D. and Anshel, M.},
title = {Post-quantum key exchange protocols},
journal = {Proc. SPIE},
volume = {6244},
number = {},
pages = {62440N-62440N-11},
abstract = {If an eavesdropper Eve is equipped with quantum computers, she can easily break the public key exchange protocols used today. In this paper we will discuss the post-quantum Diffie-Hellman key exchange and private key exchange protocols.},
year = {2006},
doi = {10.1117/12.665685},
eprint = {}
}


@inproceedings{may:95,
  author    = {Mayers, D.},
  title     = {On the Security of the Quantum Oblivious Transfer and Key
               Distribution Protocols},
  booktitle = {CRYPTO},
  year      = {1995},
  pages     = {124-135},
  ee        = {http://dx.doi.org/10.1007/3-540-44750-4-10},
  crossref  = {DBLP:conf/crypto/1995},
  bibsource = {DBLP, http://dblp.uni-trier.de}
}

@article{bih:boy:bra:gra:mor:02,
year={2002},
issn={0178-4617},
journal={Algorithmica},
volume={34},
number={4},
doi={10.1007/s00453-002-0973-6},
title={Security of Quantum Key Distribution against All Collective Attacks},
publisher={Springer-Verlag},
keywords={Key words. Quantum cryptography, Key distribution, Security, Information versus disturbance.},
author={Biham, E. and Boyer, M. and Brassard, G. and van de Graaf, J. and Mor, T.},
pages={372-388},
language={English}
}

@INPROCEEDINGS{bra:lut:mor:san:00,
    author = {Brassard, G. and Lutkenhaus, N. and Mor, T. and Sanders, B.},
    title = {Security aspects of practical quantum cryptography},
    booktitle = {In Advances in Cryptology? EUROCRYPT'2000 },
    year = {2000},
    pages = {289--299}
}

@inproceedings{big:boy:boy:mor:roy:00,
  added-at = {2012-02-16T00:00:00.000+0100},
  author = {Biham, E. and Boyer, M. and Boykin, P.  and Mor, T. and Roychowdhury, V.},
  booktitle = {STOC},
  crossref = {conf/stoc/2000},
  editor = {Yao, F. Frances and Luks, Eugene M.},
  ee = {http://doi.acm.org/10.1145/335305.335406},
  interhash = {88b4d0791787430f519037ffa494516f},
  intrahash = {878d934312852137e7e36af215788f02},
  isbn = {1-58113-184-4},
  keywords = {dblp},
  pages = {715-724},
  publisher = {ACM},
  timestamp = {2012-02-16T00:00:00.000+0100},
  title = {A proof of the security of quantum key distribution (extended abstract).},
  year = 2000
}

@article{eke:91,
  title = {Quantum cryptography based on Bell's theorem},
  author = {Ekert, A. K.},
  journal = {Phys. Rev. Lett.},
  volume = {67},
  issue = {6},
  pages = {661--663},
  numpages = {0},
  year = {1991},
  month = {Aug},
  publisher = {American Physical Society},
  doi = {10.1103/PhysRevLett.67.661},
}



@article{ben:92,
  title = {Quantum cryptography using any two nonorthogonal states},
  author = {Bennett, C. H.},
  journal = {Phys. Rev. Lett.},
  volume = {68},
  issue = {21},
  pages = {3121--3124},
  numpages = {0},
  year = {1992},
  month = {May},
  publisher = {American Physical Society},
  doi = {10.1103/PhysRevLett.68.3121},
}


@article{sho:pre:00,
  title = {Simple Proof of Security of the BB84 Quantum Key
Distribution Protocol},
  author = {Shor, P. W. and Preskill, J.},
  journal = {Phys. Rev. Lett.},
  volume = {85},
  issue = {2},
  pages = {441--444},
  numpages = {0},
  year = {2000},
  month = {Jul},
  publisher = {American Physical Society},
  doi = {10.1103/PhysRevLett.85.441},
}


@article{sca:bsc:csr:dus:lut:pee:09,
  title = {The security of practical quantum key distribution},
  author = {Scarani, V. and Bechmann-Pasquinucci, H. and Cerf, N. and Du\ifmmode \check{s}\else \v{s}\fi{}ek, M. and Lutkenhaus, N. and Peev, M.},
  journal = {Rev. Mod. Phys.},
  volume = {81},
  issue = {3},
  pages = {1301--1350},
  numpages = {0},
  year = {2009},
  month = {Sep},
  publisher = {American Physical Society},
  doi = {10.1103/RevModPhys.81.1301},
}


@article{lo:cha:99,
author = {Lo, H. K. and Chau, H.}, 
title = {Unconditional Security of Quantum Key Distribution over Arbitrarily Long Distances},
volume = {283}, 
number = {5410}, 
pages = {2050-2056}, 
year = {1999}, 
doi = {10.1126/science.283.5410.2050}, 
abstract ={Quantum key distribution is widely thought to offer unconditional security in communication between two users. Unfortunately, a widely accepted proof of its security in the presence of source, device, and channel noises has been missing. This long-standing problem is solved here by showing that, given fault-tolerant quantum computers, quantum key distribution over an arbitrarily long distance of a realistic noisy channel can be made unconditionally secure. The proof is reduced from a noisy quantum scheme to a noiseless quantum scheme and then from a noiseless quantum scheme to a noiseless classical scheme, which can then be tackled by classical probability theory.}, 
journal = {Science} 
}



@article{ben:bra:cre:joz:per:woo:93,
    author = {Bennett, C. and Brassard, G. and Crepeau, C. and Jozsa, R. and Peres, A. and Wootters, W.},
    day = {29},
    doi = {10.1103/physrevlett.70.1895},
    issn = {0031-9007},
    journal = {Physical Review Letters},
    keywords = {nonlocality, quantum, teleportation},
    month = mar,
    number = {13},
    pages = {1895--1899},
    posted-at = {2010-02-14 09:31:41},
    priority = {3},
    publisher = {American Physical Society},
    title = {{Teleporting an unknown quantum state via dual classical and Einstein-Podolsky-Rosen channels}},
    volume = {70},
    year = {1993}
}

@article{nik:08,
  title = {Applications of single-qubit rotations in quantum public-key cryptography},
  author = {Nikolopoulos, G.},
  journal = {Phys. Rev. A},
  volume = {77},
  issue = {3},
  pages = {032348},
  numpages = {7},
  year = {2008},
  month = {Mar},
  publisher = {American Physical Society},
  doi = {10.1103/PhysRevA.77.032348},
}


@ARTICLE{he:11,
   author = {He, G.},
    title = {Quantum key distribution based on orthogonal states allows secure quantum bit commitment},
  journal = {Journal of Physics A Mathematical General},
    year = {2011},
    month = {Nov},
   volume = {44],
    pages = {5305},
      doi = {10.1088/1751-8113/44/44/445305},
   
}


@book{nie:chu:04,
    author = {Nielsen, M. and Chuang, I.},
    day = {01},
    edition = {1},
    howpublished = {Paperback},
    isbn = {0521635039},
    month = {January},
    posted-at = {2007-09-03 10:03:03},
    priority = {5},
    publisher = {Cambridge University Press},
    title = {{Quantum Computation and Quantum Information (Cambridge Series on Information and the Natural Sciences)}},
    year = {2004}
}

@inproceedings{ben:bra:84,
    address = {New York},
    author = {Bennett, C.  and Brassard, G.},
    booktitle = {Proceedings of the IEEE International Conference on Computers, Systems and Signal Processing},
    citeulike-article-id = {3054205},
    keywords = {cryptography, information, quantum},
    location = {Bangalore, India},
    pages = {175--179},
    posted-at = {2011-04-10 12:01:38},
    priority = {2},
    publisher = {IEEE Press},
    title = {{Quantum Cryptography: Public Key Distribution and Coin Tossing}},
    year = {1984}
}


@inproceedings{kaw:kos:nis:yam:05,
  title={Computational Indistinguishability Between Quantum States and Its Cryptographic Application},
  booktitle={Proceedings of Advances in Cryptology - EUROCRYPT 2005, 24th Annual International Conference on the Theory and Applications of Cryptographic Techniques},
  series={Lecture Notes in Computer Science},
  publisher={Springer},
  volume={3494},
  pages={268-284},
  doi={10.1007/11426639-16},
  author={Kawachi, A. and Koshiba, T. and Nishimura, H. and Yamakami, T.},
  year={2005}
}

	@article{vla:rod:mat:pau:sou:15,
	Author = {Vlachou, C. and Rodrigues, J. and Mateus, P. and Paunkovic, N. and Souto, A.},
	Journal = {International Journal of Quantum Information},
	Number = {07},
	Pages = {1550050},
	Title = {Quantum walk public-key cryptographic system},
	Volume = {13},
	Year = {2015}}
	

@article{boy:ken:mor:07,
  title = {Quantum key distribution with classical Bob},
  author = {Boyer, M. and Kenigsberg, D. and Mor, T.},
  journal = {Phys. Rev. Lett.},
  volume = {99},
  issue = {14},
  pages = {140501},
  numpages = {4},
  year = {2007},
  month = {Oct},
  publisher = {American Physical Society},
  doi = {10.1103/PhysRevLett.99.140501}
}

@article{mai:pau:13,
  title = {Eavesdropping in semiquantum key distribution protocol},
  author = {Maitra, A. and Paul, G.},
  journal = {Information Processing Letters},
  volume = {113},
  issue = {12},
  pages = {418--422},
  year = {2013},
  month = {Jun},
  publisher = {Elsevier},
  doi = {http://doi.org/10.1016/j.ipl.2013.03.008}
}

@article{boy:gel:ken:mor:09,
  title = {Semiquantum key distribution},
  author = {Boyer, M. and Gelles, R. and Kenigsberg, D. and Mor, T.},
  journal = {Phys. Rev. A},
  volume = {79},
  issue = {3},
  pages = {032341},
  numpages = {12},
  year = {2009},
  month = {Mar},
  publisher = {American Physical Society},
  doi = {10.1103/PhysRevA.79.032341},
}


@book{por:13,
author= {Portugal, R.},
title= {Quantum walks and search algorithms.},
language={English},
publisher={Quantum Science and Technology. New York, NY: Springer},
year={2013},
doi={10.1007/978-1-4614-6336-8},
}

@article{aha:dav:zag:93,
  title = {Quantum random walks},
  author = {Aharonov, Y. and Davidovich, L. and Zagury, N.},
  journal = {Phys. Rev. A},
  volume = {48},
  issue = {2},
  pages = {1687--1690},
  numpages = {0},
  year = {1993},
  month = {Aug},
  publisher = {American Physical Society},
  doi = {10.1103/PhysRevA.48.1687},
}

@inproceedings{chi:etal:03,
 author = {Childs, A. and Cleve, R. and Deotto, E. and Farhi, E. and Gutmann, S. and Spielman, D.},
 title = {Exponential Algorithmic Speedup by a Quantum Walk},
 booktitle = {Proceedings of the Thirty-fifth Annual ACM Symposium on Theory of Computing},
 series = {STOC '03},
 year = {2003},
 isbn = {1-58113-674-9},
 location = {San Diego, CA, USA},
 pages = {59--68},
 numpages = {10},
 acmid = {780552},
 publisher = {ACM},
 address = {New York, NY, USA},
 keywords = {quantum algorithms, quantum walks},
}

@article{amb:03,
author = {Ambainis, A.},
title = {QUANTUM WALKS AND THEIR ALGORITHMIC APPLICATIONS},
journal = {International Journal of Quantum Information},
volume = {01},
number = {04},
pages = {507-518},
year = {2003},
doi = {10.1142/S0219749903000383},
}

@incollection{san:08,
year={2008},
isbn={978-3-540-79227-7},
booktitle={Theory and Applications of Models of Computation},
volume={4978},
series={Lecture Notes in Computer Science},
editor={Agrawal, M. and Du, D. and Duan, Z. and Li, A.},
doi={10.1007/978-3-540-79228-4-3},
title={Quantum Walk Based Search Algorithms},
publisher={Springer Berlin Heidelberg},
author={Santha, M.},
pages={31-46},
language={English}
}
@article{lov:coo:eve:tre:ken:10,
  title = {Universal quantum computation using the discrete-time quantum walk},
  author = {Lovett, N. B. and Cooper, S. and Everitt, M. and Trevers, M. and Kendon, V.},
  journal = {Phys. Rev. A},
  volume = {81},
  issue = {4},
  pages = {042330},
  numpages = {7},
  year = {2010},
  month = {Apr},
  publisher = {American Physical Society},
  doi = {10.1103/PhysRevA.81.042330},
  
}

@article{chi:gos:web:13,
author = {Childs, A. M. and Gosset, D. and Webb, Z.}, 
title = {Universal Computation by Multiparticle Quantum Walk},
volume = {339}, 
number = {6121}, 
pages = {791-794}, 
year = {2013}, 
doi = {10.1126/science.1229957}, 
journal = {Science} 
}


@article{far:gut:98,
  title = {Quantum computation and decision trees},
  author = {Farhi, E. and Gutmann, S.},
  journal = {Phys. Rev. A},
  volume = {58},
  issue = {2},
  pages = {915--928},
  numpages = {0},
  year = {1998},
  month = {Aug},
  publisher = {American Physical Society},
  doi = {10.1103/PhysRevA.58.915},
  
}


@article{chi:09,
  title = {Universal Computation by Quantum Walk},
  author = {Childs, A. M.},
  journal = {Phys. Rev. Lett.},
  volume = {102},
  issue = {18},
  pages = {180501},
  numpages = {4},
  year = {2009},
  month = {May},
  publisher = {American Physical Society},
  doi = {10.1103/PhysRevLett.102.180501},
  
}

@article{sin:gup:sin:14,
  title = {Quantum Key Distribution Protocols: A Review},
  author = {Singh, H. and Gupta, D.L. and Singh, A.K.},
  journal = {Journal of Computer Engineering (IOSR-JCE)},
  volume = {16},
  issue = {2},
  pages = {01-09},
  year = {2014},
  month = {Mar-Apr.},
  publisher = {IOSR Journals},
  doi = {10.9790/0661-162110109},
  }

@article{zou:qiu:li:wu:li:09,
  title = {Semiquantum-key distribution using less than four quantum states},
  author = {Zou, X. and Qiu, D. and Li, L. and Wu, L. and Li, L.},
  journal = {Phys. Rev. A},
  volume = {79},
  issue = {5},
  pages = {052312},
  numpages = {7},
  year = {2009},
  month = {May},
  publisher = {American Physical Society},
  doi = {10.1103/PhysRevA.79.052312},
}
@article{kra:14,
 author = {Krawec, W. O.},
 title = {Restricted Attacks on Semi-quantum Key Distribution Protocols},
 journal = {Quantum Information Processing},
 volume = {13},
 number = {11},
 month = nov,
 year = {2014},
 issn = {1570-0755},
 pages = {2417--2436},
 numpages = {20},
 doi = {10.1007/s11128-014-0802-2},
 acmid = {2684543},
 publisher = {Kluwer Academic Publishers},
 address = {Hingham, MA, USA},
 keywords = {Quantum Key Distribution, Security, Semi-Quantum Cryptography, Single-State Protocols},
} 

@article{lo:cha:ard:05,
 author = {Lo, H.-K. and Chau, H. F. and Ardehali, M.},
 title = {Efficient Quantum Key Distribution Scheme and a Proof of Its Unconditional Security},
 journal = {J. Cryptol.},
 volume = {18},
 number = {2},
 month = apr,
 year = {2005},
 issn = {0933-2790},
 pages = {133--165},
 numpages = {33},
 doi = {10.1007/s00145-004-0142-y},
 acmid = {1058094},
 publisher = {Springer-Verlag New York, Inc.},
 address = {Secaucus, NJ, USA},
 keywords = {Key distribution, Quantum computing, Quantum cryptography, Quantum information},
}

 
@article{sca:bec:cer:dui:dus:lut:pee:09,
  title = {The security of practical quantum key distribution},
  author = {Scarani, V. and Bechmann-Pasquinucci, H. and Cerf, N. J. and Dusek, M. and Lutkenhaus, N. and Peev, M.},
  journal = {Rev. Mod. Phys.},
  volume = {81},
  issue = {3},
  pages = {1301--1350},
  numpages = {0},
  year = {2009},
  month = {Sep},
  publisher = {American Physical Society},
  doi = {10.1103/RevModPhys.81.1301},
}

@article{tak:sas:tam:koa:15,
  title = {Experimental quantum key distribution without monitoring signal disturbance},
  author = {Takesue, H. and Sasaki, T. and Tamaki, K. and Koashi, M.},
  journal = {Nature Photonics},
  volume = {9},
  issue = {12},
  pages = {827--831},
  year = {2015},
  publisher = {Nature Publishing Group},
  doi = {10.1038/nphoton.2015.173},
}

@article{ren:gis:kra:05,
  title = {Information-theoretic security proof for quantum-key-distribution protocols},
  author = {Renner, R. and Gisin, N. and Kraus, B.},
  journal = {Phys. Rev. A},
  volume = {72},
  issue = {1},
  pages = {012332},
  numpages = {17},
  year = {2005},
  month = {Jul},
  publisher = {American Physical Society},
  doi = {10.1103/PhysRevA.72.012332},
}

@article{chr:kon:ren:09,
  title = {Postselection Technique for Quantum Channels with Applications to Quantum Cryptography},
  author = {Christandl, M. and Konig, R. and Renner, R.},
  journal = {Phys. Rev. Lett.},
  volume = {102},
  issue = {2},
  pages = {020504},
  numpages = {4},
  year = {2009},
  month = {Jan},
  publisher = {American Physical Society},
  doi = {10.1103/PhysRevLett.102.020504},
}

@article{ren:07,
  title = {Symmetry of large physical systems implies independence of subsystems},
  author = { Renner, R.},
  journal = {Nat. Phys.},
  volume = {3},
  issue = {9},
  pages = {645-649},
  numpages = {4},
  year = {2007},
  month = {Jul},
  publisher = {Nature Publishing Group},
  doi = {10.1038/nphys684},

}

@article {dev:win:05,
	author = {Devetak, I. and Winter, A.},
	title = {Distillation of secret key and entanglement from quantum states},
	volume = {461},
	number = {2053},
	pages = {207--235},
	year = {2005},
	doi = {10.1098/rspa.2004.1372},
	publisher = {The Royal Society},
%	abstract = {We study and solve the problem of distilling a secret key from quantum states representing correlation between two parties (Alice and Bob) and an eavesdropper (Eve) via one{\textendash}way public discussion: we prove a coding theorem to achieve the {\textquoteleft}wire{\textendash}tapper{\textquoteright} bound, the difference of the mutual information Alice{\textendash}Bob and that of Alice{\textendash}Eve, for so{\textendash}called classical{\textendash}quantum{\textendash}quantum{\textendash}correlations, via one{\textendash}way public communication. This result yields information{\textendash}theoretic formulae for the distillable secret key, giving {\textquoteleft}ultimate{\textquoteright} key rate bounds if Eve is assumed to possess a purification of Alice and Bob{\textquoteright}s joint state. Specializing our protocol somewhat and making it coherent leads us to a protocol of entanglement distillation via one{\textendash}way LOCC (local operations and classical communication) which is asymptotically optimal: in fact we prove the so{\textendash}called {\textquoteleft}hashing inequality{\textquoteright}, which says that the coherent information (i.e. the negative conditional von Neumann entropy) is an achievable Einstein{\textendash}Podolsky{\textendash}Rosen rate. This result is known to imply a whole set of distillation and capacity formulae, which we briefly review.},
	issn = {1364-5021},
	journal = {Proceedings of the Royal Society of London A: Mathematical, Physical and Engineering Sciences}
}

@article{ber:chr:col:ren:ren:10,
  title = {The uncertainty principle in the presence of quantum memory},
  author = { Berta, M. and  Christandl, M. and  Colbeck, R. and Renes, J. M. and Renner, R.},
  journal = {Nat. Phys.},
  volume = {6},
  issue = {9},
  pages = {659-662},
   year = {2010},
  month = {Jul},
  publisher = {Nature Publishing Group},
  doi = {10.1038/nphys1734},
}

@article{aha:amb:kem:vaz:01,
  title = {Quantum walks on graphs},
  author = {Aharonov,  D. and Ambainis, A. and Kempe, J. and Vazirani, U. },
  journal = {Proceedings of ACM Symposium on Theory of Computation (STOC '01)},
  pages = {50-59},
  year = {2001},
  month = {July},
  }
  
@article{kem:03,
author = { Kempe, J. },
title = {Quantum random walks: An introductory overview},
journal = {Contemporary Physics},
volume = {44},
number = {4},
pages = {307-327},
year = {2003},
doi = {10.1080/00107151031000110776},
}

@article{bae:aci:07,
  title = {Key distillation from quantum channels using two-way communication protocols},
  author = {Bae, J. and Acin, A.},
  journal = {Phys. Rev. A},
  volume = {75},
  issue = {1},
  pages = {012334},
  numpages = {20},
  year = {2007},
  month = {Jan},
  publisher = {American Physical Society},
  doi = {10.1103/PhysRevA.75.012334},
}

@article{cha:15,
  title = {Quantum key distribution using qudits that each encode one bit of raw key},
  author = {Chau, H. F.},
  journal = {Phys. Rev. A},
  volume = {92},
  issue = {6},
  pages = {062324},
  numpages = {4},
  year = {2015},
  month = {Dec},
  publisher = {American Physical Society},
  doi = {10.1103/PhysRevA.92.062324},

}
@article{get:10,
 author = {McGettrick, M.},
 title = {One Dimensional Quantum Walks with Memory},
 journal = {Quantum Info. Comput.},
 volume = {10},
 number = {5},
 month = may,
 year = {2010},
 issn = {1533-7146},
 pages = {509--524},
 numpages = {16},
 acmid = {2011371},
 publisher = {Rinton Press, Incorporated},
 address = {Paramus, NJ},
 keywords = {localization, memory, quantum random walks},
} 
@article{get:mis:14,
title = {Quantum walks with memory on cycles},
journal = {Physica A: Statistical Mechanics and its Applications},
volume = {399},
pages = {163 - 170},
year = {2014},
issn = {0378-4371},
doi = {http://dx.doi.org/10.1016/j.physa.2014.01.002},
author = {Gettrick, M. and Miszczak, J. A.},
}
@article{roh:bre:gil:13,
  title = {Quantum walks with memory provided by recycled coins and a memory of the coin-flip history},
  author = {Rohde, P. P. and Brennen, G. K. and Gilchrist, A.},
  journal = {Phys. Rev. A},
  volume = {87},
  issue = {5},
  pages = {052302},
  numpages = {11},
  year = {2013},
  month = {May},
  publisher = {American Physical Society},
  doi = {10.1103/PhysRevA.87.052302},
}
@article{kra:15,
title = {History dependent quantum walk on the cycle with an unbalanced coin},
journal = {Physica A: Statistical Mechanics and its Applications},
volume = {428},
pages = {319 -- 331},
year = {2015},
issn = {0378-4371},
doi = {http://dx.doi.org/10.1016/j.physa.2015.02.061},
author = {Krawec, W. O.},
}
@article{bru:car:amb:03,
  title = {Quantum walks driven by many coins},
  author = {Brun, T. A. and Carteret, H. A. and Ambainis, A.},
  journal = {Phys. Rev. A},
  volume = {67},
  issue = {5},
  pages = {052317},
  numpages = {17},
  year = {2003},
  month = {May},
  publisher = {American Physical Society},
  doi = {10.1103/PhysRevA.67.052317}
}
@article{ben:bra:mer:92,
  title = {Quantum cryptography without Bell's theorem},
  author = {Bennett, C. H. and Brassard, G. and Mermin, N. D.},
  journal = {Phys. Rev. Lett.},
  volume = {68},
  issue = {5},
  pages = {557--559},
  numpages = {0},
  year = {1992},
  month = {Feb},
  publisher = {American Physical Society},
  doi = {10.1103/PhysRevLett.68.557},
}
@article{gro:cer:wen:tua:gra:03,
 author = {Grosshans, F. and Cerf, N. J. and Wenger, J. and Tualle-Brouri, R. and Grangier, P.},
 title = {Virtual Entanglement and Reconciliation Protocols for Quantum Cryptography with Continuous Variables},
 journal = {Quantum Info. Comput.},
 volume = {3},
 number = {7},
 month = oct,
 year = {2003},
 issn = {1533-7146},
 pages = {535--552},
 numpages = {18},
 acmid = {2011570},
 publisher = {Rinton Press, Incorporated},
 address = {Paramus, NJ},
 keywords = {coherent states, continuous variables, quantum cryptography, quantum entanglement, quantum key distribution},
} 

@techreport{nay:vis:00,
 author = {Ashwin, N. and Ashvin, V.},
 title = {Quantum Walk on the Line},
 year = {2000},
 source = {http://www.ncstrl.org:8900/ncstrl/servlet/search?formname=detail\&id=oai%3Ancstrlh%3Adimacs%3Adimacs%2F%2F2000-43},
 publisher = {Center for Discrete Mathematics \&\#38; Theoretical Computer Science},
} 

@article{buh:cle:wat:wol:01,
  title = {Quantum Fingerprinting},
  author = {Buhrman, H. and Cleve, R. and Watrous, J. and de Wolf, R.},
  journal = {Phys. Rev. Lett.},
  volume = {87},
  issue = {16},
  pages = {167902},
  numpages = {4},
  year = {2001},
  month = {Sep},
  publisher = {American Physical Society},
  doi = {10.1103/PhysRevLett.87.167902}
}
@article{cof:kun:woo:00,
  title = {Distributed entanglement},
  author = {Coffman, V. and Kundu, J. and Wootters, W. K.},
  journal = {Phys. Rev. A},
  volume = {61},
  issue = {5},
  pages = {052306},
  numpages = {5},
  year = {2000},
  month = {Apr},
  publisher = {American Physical Society},
  doi = {10.1103/PhysRevA.61.052306}
}
@article{pug:kai:bou:jin:sul:agn:ani:mak:cho:hig:jen:17,
  title = {Airborne demonstration of a quantum key distribution receiver payload},
  author = {Pugh, C. J. and Kaiser, S. and Bourgoin, J.-P. and Jin, J. and Sultana, N. and Agne, S. and  Anisimova, E. and Makarov, V. and Choi, E. and Higgins, B. L. and Jennewein, T.},
  journal = {Quantum Science and Technology},
  volume = {2},
  pages = {024009},
  year = {2017},
  month = {Jun},
  publisher = {IOPScience},
  doi = {doi.org/10.1088/2058-9565/aa701f},
}
@article{yin:etal:17,
  title = {Satellite-based entanglement distribution over 1200 kilometers},
  author = {Yin, J. and Cao, Y. and Li, Y.-H. and Liao, S.-K. and Zhang, L. and Ren, J.-G. and Cai, W.-Q. and Liu, W.-Y. and Li, B. and Dai, H. and Li, G.-B. and Lu, Q.-M. and Gong, Y.-H. and Xu, Y. and Li, S.-L. and Li, F.-Z. and Yin, Y.-Y. and Jiang, Z.-Q. and Li, M. and Jia, J.-J. and Ren, G. and He, D. and Zhou, Y.-L. and Zhang, X.-X. and Wang, N. and Chang, X. and Zhu, Z.-C. and Liu, N.-L. and Chen, Y.-A. and Lu, C.-Y. and Shu, R. and Peng, C.-Z. and Wang, J.-Y. and Pan, J.-W.},
  journal = {Science},
  volume = {356},
  issue={6343},
  pages = {1140--1144},
  year = {2017},
  publisher = {American Association for the Advancement of Science},
  doi = {10.1126/science.aan3211}
}
@article{urs:etal:07,
  title = {Entanglement-based quantum communication over 144km},
  author = {Ursin, R. and Tiefenbacher, F. and Schmitt-Manderbach, T. and Weier, H. and Scheidl, T. and Lindenthal, M. and Blauensteiner, B. and Jennewein, T. and Perdigues, J. and Trojek, P. and Omer, B. and Furst, M. and Meyenburg, M. and Rarity, J. and Sodnik, Z. and Barbieri, C. and Weinfurter, H. and Zeilinger, A.},
  journal = {Nat Phys},
  volume = {3},
  issue={7},
  pages = {481--486},
  year = {2007},
  publisher = {Springer Nature},
  doi = {10.1038/nphys629}
}

  @inproceedings{gol:gol:hal:97,
 author = {Goldreich, O. and Goldwasser, S. and Halevi, S.},
 title = {Public-Key Cryptosystems from Lattice Reduction Problems},
 booktitle = {Proceedings of the 17th Annual International Cryptology Conference on Advances in Cryptology},
 series = {CRYPTO '97},
 year = {1997},
 isbn = {3-540-63384-7},
 pages = {112--131},
 numpages = {20},
 url = {http://dl.acm.org/citation.cfm?id=646762.706185},
 acmid = {706185},
 publisher = {Springer-Verlag},
 address = {London, UK, UK}
}
@book{fort:13,
  author    = {Fortnow, L.},
  title     = {The Golden Ticket - P, NP, and the Search for the Impossible},
  publisher = {Princeton University Press},
  year      = {2013},
  url       = {http://press.princeton.edu/titles/9937.html},
  isbn      = {978-0-691-15649-1},
  timestamp = {Fri, 30 Aug 2013 14:49:31 +0200},
  biburl    = {http://dblp.uni-trier.de/rec/bib/books/daglib/0031093},
  bibsource = {dblp computer science bibliography, http://dblp.org}
}
@article{sho:97,
	Acmid = {264406},
	Address = {Philadelphia, PA, USA},
	Author = {Shor, P.},
	Doi = {10.1137/S0097539795293172},
	Issn = {0097-5397},
	Journal = {SIAM J. Comput.},
	Keywords = {Church's thesis, Fourier transforms, algorithmic number theory, discrete logarithms, foundations of quantum mechanics, prime factorization, quantum computers, spin systems},
	Month = oct,
	Number = {5},
	Numpages = {26},
	Pages = {1484--1509},
	Publisher = {Society for Industrial and Applied Mathematics},
	Title = {Polynomial-Time Algorithms for Prime Factorization and Discrete Logarithms on a Quantum Computer},
	Url = {http://dx.doi.org/10.1137/S0097539795293172},
	Volume = {26},
	Year = {1997},
	Bdsk-Url-1 = {http://dx.doi.org/10.1137/S0097539795293172}}
	
	
	@online{clavis,
  author = {IdQuantic},
  title = {Clavis {QKD} {P}latform},
  year = 2015,
  url = {http://www.idquantique.com/photon-counting/clavis-qkd-platform/},
  urldate = {2015-06-25}
}
@INPROCEEDINGS{oka:tan:uch:00,
    author = {Okamoto, T. and Tanaka, K. and Uchiyama, S.},
    title = {Quantum public-key cryptosystems},
    booktitle = {in Proc. of CRYPT0 2000},
    year = {2000},
    pages = {147--165},
    publisher = {Springer-Verlag}
}
@inproceedings{kaw:etal:05,
  title={Computational Indistinguishability Between Quantum States and Its Cryptographic Application},
  booktitle={Proceedings of Advances in Cryptology - EUROCRYPT 2005, 24th Annual International Conference on the Theory and Applications of Cryptographic Techniques},
  series={Lecture Notes in Computer Science},
  publisher={Springer},
  volume={3494},
  pages={268-284},
  url={http://www.iacr.org/cryptodb/archive/2005/EUROCRYPT/2459/2459.pdf},
  doi={10.1007/11426639-16},
  author={Kawachi, A. and Koshiba, T. and Nishimura, H. and Yamakami, T.},
  year=2005
}
@article{yan:pan:sun:xu:15,
	Author = {Yang, Y. and Pan, Q. and Sun, S. and Xu, P.},
	Journal = {Scientific Reports},
	L3 = {10.1038/srep07784; },
	M3 = {Article},
	Month = {01},
	Pages = {7784},
	Publisher = {Macmillan Publishers Limited.},
	Title = {Novel Image Encryption based on Quantum Walks},
	Ty = {JOUR},
	Url = {http://dx.doi.org/10.1038/srep07784},
	Volume = {5},
	Year = {2015},
	Bdsk-Url-1 = {http://dx.doi.org/10.1038/srep07784}}

@book{man:wan:13,
 author = {Manouchehri, K. and Wang, J.},
 title = {Physical Implementation of Quantum Walks},
 year = {2013},
 isbn = {3642360130, 9783642360138},
 publisher = {Springer Publishing Company, Incorporated},
} 
@incollection{pmat:npaunkovic:jrodr:asouto:14,
	Author = {Mateus, P. and Paunkovic, N. and Rodrigues, J.  and Souto, A.},
	Booktitle = {Proceedings of CMS 2014},
	Date-Added = {2014-07-18 10:47:02 +0100},
	Date-Modified = {2014-07-29 14:28:31 +0100},
	Pdf = {http://sqig.math.ist.utl.pt/pub/MateusP/14-MPRS-qprivacy.pdf},
	Publisher = {Springer},
	Series = {Lecture Notes in Computer Science},
	St = {a},
	volume ={8735},
	pages={147--153},
	Title = {Enhancing privacy with Quantum Networks},
	Year = {2014}}
	
@article{rya:laf:boi;laf:05,
  title = {Experimental implementation of a discrete-time quantum random walk on an NMR quantum-information processor},
  author = {Ryan, C.  and Laforest, M. and Boileau, J. and Laflamme, R.},
  journal = {Phys. Rev. A},
  volume = {72},
  issue = {6},
  pages = {062317},
  numpages = {8},
  year = {2005},
  month = {Dec},
  publisher = {American Physical Society},
  doi = {10.1103/PhysRevA.72.062317},
  url = {http://link.aps.org/doi/10.1103/PhysRevA.72.062317}
}
%%%%%%%%%%%%%%%%%%%%%%%%%%%%%%%%%%%%%%% DYNAMICAL PTS   %%%%%%%%%%%%%%%%%%%%%%%%%%%%%%%%%%%%%%%%%%%%%%%%%%%%%%%%%%%%%%%%%%%%%%%%%%%%%%%%%%%%%%%%%%%%%%%%%%%%%%%%%%%%%%%%%%%%%%%%%%%%%%%%%%%%%%%%%%%%%%

@book{sac:07,
  title={Quantum phase transitions},
  author={Sachdev, S.r},
  year={2007},
  publisher={Wiley Online Library}
}
@article{lan:37,
  title={On the theory of phase transitions},
  author={Landau, L. D. and others},
  journal={Zh. eksp. teor. Fiz},
  volume={7},
  number={19-32},
  year={1937}
}
@article{wen:90,
  title={Topological orders in rigid states},
  author={Wen, X.-G.},
  journal={International Journal of Modern Physics B},
  volume={4},
  number={02},
  pages={239--271},
  year={1990},
  publisher={World Scientific}
}

@article{kos:tho:72,
  title={Long range order and metastability in two dimensional solids and superfluids.(Application of dislocation theory)},
  author={Kosterlitz, J. M. and Thouless, D. J.},
  journal={Journal of Physics C: Solid State Physics},
  volume={5},
  number={11},
  pages={L124},
  year={1972},
  publisher={IOP Publishing}
}


@article{kos:tho:73,
  title={Ordering, metastability and phase transitions in two-dimensional systems},
  author={Kosterlitz, J. M.l and Thouless, D. J.},
  journal={Journal of Physics C: Solid State Physics},
  volume={6},
  number={7},
  pages={1181},
  year={1973},
  publisher={IOP Publishing}
}

@article{hal:83,
  title={Continuum dynamics of the 1-D Heisenberg antiferromagnet: identification with the O (3) nonlinear sigma model},
  author={Haldane, F. D. M.},
  journal={Physics Letters A},
  volume={93},
  number={9},
  pages={464--468},
  year={1983},
  publisher={Elsevier}
}

@article{has:kan:10,
  title={Colloquium: topological insulators},
  author={Hasan, M. Z. and Kane, C. L.},
  journal={Reviews of Modern Physics},
  volume={82},
  number={4},
  pages={3045},
  year={2010},
  publisher={APS}
}


@article{qi:zha:11,
  title={Topological insulators and superconductors},
  author={Qi, X.-L. and Zhang, S.-C.},
  journal={Reviews of Modern Physics},
  volume={83},
  number={4},
  pages={1057},
  year={2011},
  publisher={APS}
}

@book{ber:hug:13,
  title={Topological insulators and topological superconductors},
  author={Bernevig, B. A.i and Hughes, T. L.},
  year={2013},
  publisher={Princeton University Press}
}

@article{nie:hub:14,
  title={Classification of mixed-state topology in one dimension},
  author={van Nieuwenburg, E. P. L. and Huber, S. D.},
  journal={Physical Review B},
  volume={90},
  number={7},
  pages={075141},
  year={2014},
  publisher={APS}
}

@article{bar:bar:krau:rico:ima:zol:die:13,
  title={Topology by dissipation},
  author={Bardyn, C. .E and Baranov, M. A. and Kraus, C. V. and Rico, E. and Imamoglu, A. and Zoller, P. and Diehl, S.},
  journal={New Journal of Physics},
  volume={15},
  number={8},
  pages={085001},
  year={2013},
  publisher={IOP Publishing}
}

@article{grus:17,
  title={Topological order of mixed states in correlated quantum many-body systems},
  author={Grusdt, F.},
  journal={Physical Review B},
  volume={95},
  number={7},
  pages={075106},
  year={2017},
  publisher={APS}
}


@ARTICLE{bar:17,
   author = {Bardyn, C.-E.},
    title = {A recipe for topological observables of density matrices},
  journal = {ArXiv e-prints},
   eprint = {1711.09735},
 year = {2017},
 
}

@article{bar:waw:alt:flei:die:17,
  title = {Probing the Topology of Density Matrices},
  author = {Bardyn, C.-E. and Wawer, L. and Altland, A. and Fleischhauer, M. and Diehl, S.},
  journal = {Phys. Rev. X},
  volume = {8},
  issue = {1},
  pages = {011035},
  numpages = {21},
  year = {2018},
  month = {Feb},
  publisher = {American Physical Society},
  doi = {10.1103/PhysRevX.8.011035},
  url = {https://link.aps.org/doi/10.1103/PhysRevX.8.011035}
}

@article{ton:sjo:kwe:oh,
  title = {Kinematic Approach to the Mixed State Geometric Phase in Nonunitary Evolution},
  author = {Tong, D. M. and Sjoqvist, E. and Kwek, L. C. and Oh, C. H.},
  journal = {Phys. Rev. Lett.},
  volume = {93},
  issue = {8},
  pages = {080405},
  numpages = {4},
  year = {2004},
  month = {Aug},
  publisher = {American Physical Society},
  doi = {10.1103/PhysRevLett.93.080405},
  url = {https://link.aps.org/doi/10.1103/PhysRevLett.93.080405}
}

@article{ric:mel:82,
  title = {Elementary Excitations of a Linearly Conjugated Diatomic Polymer},
  author = {Rice, M. J. and Mele, E. J.},
  journal = {Phys. Rev. Lett.},
  volume = {49},
  issue = {19},
  pages = {1455--1459},
  numpages = {0},
  year = {1982},
  month = {Nov},
  publisher = {American Physical Society},
  doi = {10.1103/PhysRevLett.49.1455},
  url = {https://link.aps.org/doi/10.1103/PhysRevLett.49.1455}
}
@article{yan:lee:52,
  title = {Statistical Theory of Equations of State and Phase Transitions. I. Theory of Condensation},
  author = {Yang, C. N. and Lee, T. D.},
  journal = {Phys. Rev.},
  volume = {87},
  issue = {3},
  pages = {404--409},
  numpages = {0},
  year = {1952},
  month = {Aug},
  publisher = {American Physical Society},
  doi = {10.1103/PhysRev.87.404},
  url = {https://link.aps.org/doi/10.1103/PhysRev.87.404}
}

@article{lee:yan:52,
  title = {Statistical Theory of Equations of State and Phase Transitions. II. Lattice Gas and Ising Model},
  author = {Lee, T. D. and Yang, C. N.},
  journal = {Phys. Rev.},
  volume = {87},
  issue = {3},
  pages = {410--419},
  numpages = {0},
  year = {1952},
  month = {Aug},
  publisher = {American Physical Society},
  doi = {10.1103/PhysRev.87.410},
  url = {https://link.aps.org/doi/10.1103/PhysRev.87.410}
}

@article{fis:65,
  title={Lectures in theoretical physics},
  author={Fisher, M. E.},
  journal={New York: Gordon and Breach},
  year={1965}
}

@book{pat:96,
      author         = {Pathria, R. K.},
      title          = {Statistical Mechanics},
      publisher      = {Butterworth-Heinemann},
      year           = {1996},
      ISBN           = {9780080541716},
      SLACcitation   = {CITATION = INSPIRE-1235813}
}

@article{jur:etal:17,
  title = {Direct Observation of Dynamical Quantum Phase Transitions in an Interacting Many-Body System},
  author = {Jurcevic, P. and Shen, H. and Hauke, P. and Maier, C. and Brydges, T. and Hempel, C. and Lanyon, B. P. and Heyl, M. and Blatt, R. and Roos, C. F.},
  journal = {Phys. Rev. Lett.},
  volume = {119},
  issue = {8},
  pages = {080501},
  numpages = {5},
  year = {2017},
  month = {Aug},
  publisher = {American Physical Society},
  doi = {10.1103/PhysRevLett.119.080501},
  url = {https://link.aps.org/doi/10.1103/PhysRevLett.119.080501}
}



@article{jaf:joh:17,
  title = {Loschmidt Echo Revivals: Critical and Noncritical},
  author = {Jafari, R. and Johannesson, H.},
  journal = {Phys. Rev. Lett.},
  volume = {118},
  issue = {1},
  pages = {015701},
  numpages = {5},
  year = {2017},
  month = {Jan},
  publisher = {American Physical Society},
  doi = {10.1103/PhysRevLett.118.015701},
  url = {https://link.aps.org/doi/10.1103/PhysRevLett.118.015701}
}

@article{kar:sch:13,
  title = {Dynamical phase transitions after quenches in nonintegrable models},
  author = {Karrasch, C. and Schuricht, D.},
  journal = {Phys. Rev. B},
  volume = {87},
  issue = {19},
  pages = {195104},
  numpages = {8},
  year = {2013},
  month = {May},
  publisher = {American Physical Society},
  doi = {10.1103/PhysRevB.87.195104},
  url = {https://link.aps.org/doi/10.1103/PhysRevB.87.195104}
}

@article{and:sir:14,
  title = {Dynamical quantum phase transitions and the Loschmidt echo: A transfer matrix approach},
  author = {Andraschko, F. and Sirker, J.},
  journal = {Phys. Rev. B},
  volume = {89},
  issue = {12},
  pages = {125120},
  numpages = {13},
  year = {2014},
  month = {Mar},
  publisher = {American Physical Society},
  doi = {10.1103/PhysRevB.89.125120},
  url = {https://link.aps.org/doi/10.1103/PhysRevB.89.125120}
}

@article{kar:sch:17,
  title = {Dynamical quantum phase transitions in the quantum Potts chain},
  author = {Karrasch, C. and Schuricht, D.},
  journal = {Phys. Rev. B},
  volume = {95},
  issue = {7},
  pages = {075143},
  numpages = {4},
  year = {2017},
  month = {Feb},
  publisher = {American Physical Society},
  doi = {10.1103/PhysRevB.95.075143},
  url = {https://link.aps.org/doi/10.1103/PhysRevB.95.075143}
}

@article{wan:liu:13,
title = {Geometric phase and spinorial representation of mixed state},
journal = {Physics Letters A},
volume = {377},
number = {45},
pages = {3272 - 3278},
year = {2013},
issn = {0375-9601},
doi = {https://doi.org/10.1016/j.physleta.2013.10.023},
url = {http://www.sciencedirect.com/science/article/pii/S0375960113009766},
author = {Wang, Z. S. and Liu, Q.},
}
@articleE{zon:cap:gia:17,
   author = {Zonzo, G. and Capolupo, A. and Giampaolo, S. M.},
    title = {Geometric phase of quenched spin models},
  journal = {ArXiv e-prints},
   eprint = {1712.03051},
     year = {2017},
    month = {Dec},
}
@article{vaj:dor:14,
  title = {Disentangling dynamical phase transitions from equilibrium phase transitions},
  author = {Vajna, S. and Dora, B.},
  journal = {Phys. Rev. B},
  volume = {89},
  issue = {16},
  pages = {161105},
  numpages = {5},
  year = {2014},
  month = {Apr},
  publisher = {American Physical Society},
  doi = {10.1103/PhysRevB.89.161105},
  url = {https://link.aps.org/doi/10.1103/PhysRevB.89.161105}
}

@article{vaj:dor:15,
  title = {Topological classification of dynamical phase transitions},
  author = {Vajna, S. and Dora, B.},
  journal = {Phys. Rev. B},
  volume = {91},
  issue = {15},
  pages = {155127},
  numpages = {5},
  year = {2015},
  month = {Apr},
  publisher = {American Physical Society},
  doi = {10.1103/PhysRevB.91.155127},
  url = {https://link.aps.org/doi/10.1103/PhysRevB.91.155127}
}



@article{hey:bud:17,
  title = {Dynamical topological quantum phase transitions for mixed states},
  author = {Heyl, M. and Budich, J. C.},
  journal = {Phys. Rev. B},
  volume = {96},
  issue = {18},
  pages = {180304},
  numpages = {5},
  year = {2017},
  month = {Nov},
  publisher = {American Physical Society},
  doi = {10.1103/PhysRevB.96.180304},
  url = {https://link.aps.org/doi/10.1103/PhysRevB.96.180304}
}

@article{hey:15,
  title = {Scaling and Universality at Dynamical Quantum Phase Transitions},
  author = {Heyl, M.},
  journal = {Phys. Rev. Lett.},
  volume = {115},
  issue = {14},
  pages = {140602},
  numpages = {5},
  year = {2015},
  month = {Oct},
  publisher = {American Physical Society},
  doi = {10.1103/PhysRevLett.115.140602},
  url = {https://link.aps.org/doi/10.1103/PhysRevLett.115.140602}
}
@article{fla:etal:18,
  title = {Observation of dynamical vortices after quenches in a system with topology},
  author = {Flaschner, N., and Vogel, D.,  and Tarnowski, M., and Rem, B. S., and Luhmann, D.-S., and Heyl, M., and Budich, J. C., and Mathey, L., and Sengstock, K., and Weitenberg, C.},
  journal = {Nature Physics},
  year = {2018},
  volume={14},
  issue={3},
  pages={265--268},
  doi={10.1038/s41567-017-0013-8},
  url={https://doi.org/10.1038/s41567-017-0013-8},
  }

@article{hua:bal:16,
  title = {Dynamical Quantum Phase Transitions: Role of Topological Nodes in Wave Function Overlaps},
  author = {Huang, Z. and Balatsky, A. V.},
  journal = {Phys. Rev. Lett.},
  volume = {117},
  issue = {8},
  pages = {086802},
  numpages = {6},
  year = {2016},
  month = {Aug},
  publisher = {American Physical Society},
  doi = {10.1103/PhysRevLett.117.086802},
  url = {https://link.aps.org/doi/10.1103/PhysRevLett.117.086802}
}
@article{bud:hey:16,
  title = {Dynamical topological order parameters far from equilibrium},
  author = {Budich, J. C. and Heyl, M.},
  journal = {Phys. Rev. B},
  volume = {93},
  issue = {8},
  pages = {085416},
  numpages = {7},
  year = {2016},
  month = {Feb},
  publisher = {American Physical Society},
  doi = {10.1103/PhysRevB.93.085416},
  url = {https://link.aps.org/doi/10.1103/PhysRevB.93.085416}
}
@article{sch:keh:15,
  title = {Dynamical quantum phase transitions in the Kitaev honeycomb model},
  author = {Schmitt, M. and Kehrein, S.},
  journal = {Phys. Rev. B},
  volume = {92},
  issue = {7},
  pages = {075114},
  numpages = {13},
  year = {2015},
  month = {Aug},
  publisher = {American Physical Society},
  doi = {10.1103/PhysRevB.92.075114},
  url = {https://link.aps.org/doi/10.1103/PhysRevB.92.075114}
}

@article{hey:pol:keh:13,
  title = {Dynamical Quantum Phase Transitions in the Transverse-Field Ising Model},
  author = {Heyl, M. and Polkovnikov, A. and Kehrein, S.},
  journal = {Phys. Rev. Lett.},
  volume = {110},
  issue = {13},
  pages = {135704},
  numpages = {5},
  year = {2013},
  month = {Mar},
  publisher = {American Physical Society},
  doi = {10.1103/PhysRevLett.110.135704},
  url = {https://link.aps.org/doi/10.1103/PhysRevLett.110.135704}
}

@article{qi:hug:zha:08,
  title = {Topological field theory of time-reversal invariant insulators},
  author = {Qi, X.-L., and Hughes, T., L. and Zhang, S.-C.},
  journal = {Phys. Rev. B},
  volume = {78},
  issue = {19},
  pages = {195424},
  numpages = {43},
  year = {2008},
  month = {Nov},
  publisher = {American Physical Society},
  doi = {10.1103/PhysRevB.78.195424},
  url = {https://link.aps.org/doi/10.1103/PhysRevB.78.195424}
}

@article{pol:muk:gre:moo:10,
  title = {Dynamics after a sweep through a quantum critical point},
  author = {Pollmann, F. and Mukerjee, S. and Green, A. G. and Moore, J. E.},
  journal = {Phys. Rev. E},
  volume = {81},
  issue = {2},
  pages = {020101},
  numpages = {4},
  year = {2010},
  month = {Feb},
  publisher = {American Physical Society},
  doi = {10.1103/PhysRevE.81.020101},
  url = {https://link.aps.org/doi/10.1103/PhysRevE.81.020101}
}

@article{ven:tac:san:san:11,
  title = {Exact Infinite-Time Statistics of the Loschmidt Echo for a Quantum Quench},
  author = {Campos Venuti, L. and Jacobson, N. T. and Santra, S. and Zanardi, P.},
  journal = {Phys. Rev. Lett.},
  volume = {107},
  issue = {1},
  pages = {010403},
  numpages = {4},
  year = {2011},
  month = {Jul},
  publisher = {American Physical Society},
  doi = {10.1103/PhysRevLett.107.010403},
  url = {https://link.aps.org/doi/10.1103/PhysRevLett.107.010403}
}


@article{jac:ven:zan:11,
  title = {Unitary equilibration after a quantum quench of a thermal state},
  author = {Jacobson, N. T. and Campos Venuti, L.  and Zanardi, P.},
  journal = {Phys. Rev. A},
  volume = {84},
  issue = {2},
  pages = {022115},
  numpages = {12},
  year = {2011},
  month = {Aug},
  publisher = {American Physical Society},
  doi = {10.1103/PhysRevA.84.022115},
  url = {https://link.aps.org/doi/10.1103/PhysRevA.84.022115}
}

@article{zan:qua:wan:sun:07,
  title = {Mixed-state fidelity and quantum criticality at finite temperature},
  author = {Zanardi, P. and Quan, H. T. and Wang, X. and Sun, C. P.},
  journal = {Phys. Rev. A},
  volume = {75},
  issue = {3},
  pages = {032109},
  numpages = {7},
  year = {2007},
  month = {Mar},
  publisher = {American Physical Society},
  doi = {10.1103/PhysRevA.75.032109},
  url = {https://link.aps.org/doi/10.1103/PhysRevA.75.032109}
}
@article{qua:son:liu:zan:sun:06,
  title = {Decay of Loschmidt Echo Enhanced by Quantum Criticality},
  author = {Quan, H. T. and Song, Z. and Liu, X. F. and Zanardi, P. and Sun, C. P.},
  journal = {Phys. Rev. Lett.},
  volume = {96},
  issue = {14},
  pages = {140604},
  numpages = {4},
  year = {2006},
  month = {Apr},
  publisher = {American Physical Society},
  doi = {10.1103/PhysRevLett.96.140604},
  url = {https://link.aps.org/doi/10.1103/PhysRevLett.96.140604}
}

@article{ven:zan:10,
  title = {Unitary equilibrations: Probability distribution of the Loschmidt echo},
  author = {Campos Venuti, L. and Zanardi, P.},
  journal = {Phys. Rev. A},
  volume = {81},
  issue = {2},
  pages = {022113},
  numpages = {14},
  year = {2010},
  month = {Feb},
  publisher = {American Physical Society},
  doi = {10.1103/PhysRevA.81.022113},
  url = {https://link.aps.org/doi/10.1103/PhysRevA.81.022113}
}

@article{sjo:pat:eke:ana:eri:oi:ved:00,
  title = {Geometric Phases for Mixed States in Interferometry},
  author = {Sjoqvist, E. and Pati, A. K. and Ekert, A.r and Anandan, J. S. and Ericsson, M. and Oi, D. K. L. and Vedral, V.},
  journal = {Phys. Rev. Lett.},
  volume = {85},
  issue = {14},
  pages = {2845--2849},
  numpages = {0},
  year = {2000},
  month = {Oct},
  publisher = {American Physical Society},
  doi = {10.1103/PhysRevLett.85.2845},
  url = {https://link.aps.org/doi/10.1103/PhysRevLett.85.2845}
}


@article{sed:flei:sir:17,
  title = {Fate of dynamical phase transitions at finite temperatures and in open systems},
  author = {Sedlmayr, N. and Fleischhauer, M. and Sirker, J.},
  journal = {Phys. Rev. B},
  volume = {97},
  issue = {4},
  pages = {045147},
  numpages = {8},
  year = {2018},
  publisher = {American Physical Society},
  doi = {10.1103/PhysRevB.97.045147},
  url = {https://link.aps.org/doi/10.1103/PhysRevB.97.045147}
}

@article{sed:jae:sir:17,
  title = {Bulk-boundary correspondence for dynamical phase transitions in one-dimensional topological insulators and superconductors},
  author = {Sedlmayr, N. and Jaeger, P. and Maiti, M. and Sirker, J.},
  journal = {Phys. Rev. B},
  volume = {97},
  issue = {6},
  pages = {064304},
  numpages = {8},
  year = {2018},
  publisher = {American Physical Society},
  doi = {10.1103/PhysRevB.97.064304},
  url = {https://link.aps.org/doi/10.1103/PhysRevB.97.064304}
}


@article{bas:loc:sat:sin:ulb:13,
  title = {Models of wave-function collapse, underlying theories, and experimental tests},
  author = {Bassi, A.o and Lochan, K. and Satin, S. and Singh, T. P. and Ulbricht, H.},
  journal = {Rev. Mod. Phys.},
  volume = {85},
  issue = {2},
  pages = {471--527},
  numpages = {0},
  year = {2013},
  publisher = {American Physical Society},
  doi = {10.1103/RevModPhys.85.471},
  url = {https://link.aps.org/doi/10.1103/RevModPhys.85.471}
}

@article{bah:ban:dut:17,
  title = {Mixed state dynamical quantum phase transitions},
  author = {Bhattacharya, U. and Bandyopadhyay, S. and Dutta, A.},
  journal = {Phys. Rev. B},
  volume = {96},
  issue = {18},
  pages = {180303 (R)},
  numpages = {5},
  year = {2017},
  publisher = {American Physical Society},
  doi = {10.1103/PhysRevB.96.180303},
  url = {https://link.aps.org/doi/10.1103/PhysRevB.96.180303}
}

@article{aci:mas:gis:03,
  title = {Equivalence between Two-Qubit Entanglement and Secure Key Distribution},
  author = {Acin, A. and Masanes, L. and Gisin, N.},
  journal = {Phys. Rev. Lett.},
  volume = {91},
  issue = {16},
  pages = {167901},
  numpages = {4},
  year = {2003},
  month = {Oct},
  publisher = {American Physical Society},
  doi = {10.1103/PhysRevLett.91.167901},
  url = {https://link.aps.org/doi/10.1103/PhysRevLett.91.167901}
}

@article{cur:lew:lut:04,
  title = {Entanglement as a Precondition for Secure Quantum Key Distribution},
  author = {Curty, M. and Lewenstein, M. and Lutkenhaus, N.},
  journal = {Phys. Rev. Lett.},
  volume = {92},
  issue = {21},
  pages = {217903},
  numpages = {4},
  year = {2004},
  month = {May},
  publisher = {American Physical Society},
  doi = {10.1103/PhysRevLett.92.217903},
  url = {https://link.aps.org/doi/10.1103/PhysRevLett.92.217903}
}

@article{aci:gis:mas:06,
  title = {From Bell's Theorem to Secure Quantum Key Distribution},
  author = {Acin, A. and Gisin, N. and Masanes, L.},
  journal = {Phys. Rev. Lett.},
  volume = {97},
  issue = {12},
  pages = {120405},
  numpages = {4},
  year = {2006},
  month = {Sep},
  publisher = {American Physical Society},
  doi = {10.1103/PhysRevLett.97.120405},
  url = {https://link.aps.org/doi/10.1103/PhysRevLett.97.120405}
}
@article{cur:guh:lew:lut:05,
  title = {Detecting two-party quantum correlations in quantum-key-distribution protocols},
  author = {Curty, M. and Guhne, O. and Lewenstein, M. and Lutkenhaus, N.},
  journal = {Phys. Rev. A},
  volume = {71},
  issue = {2},
  pages = {022306},
  numpages = {12},
  year = {2005},
  month = {Feb},
  publisher = {American Physical Society},
  doi = {10.1103/PhysRevA.71.022306},
  url = {https://link.aps.org/doi/10.1103/PhysRevA.71.022306}
}
@article{cha:nov:amb:oma:16,
  title = {Spatial Search by Quantum Walk is Optimal for Almost all Graphs},
  author = {Chakraborty, S. and Novo, L. and Ambainis, A. and Omar, Y.},
  journal = {Phys. Rev. Lett.},
  volume = {116},
  issue = {10},
  pages = {100501},
  numpages = {5},
  year = {2016},
  month = {Mar},
  publisher = {American Physical Society},
  doi = {10.1103/PhysRevLett.116.100501},
  url = {https://link.aps.org/doi/10.1103/PhysRevLett.116.100501}
}
@article{nov:cha:moh:nev:oma:16,
  title = {Systematic Dimensionality Reduction for Quantum Walks: Optimal Spatial Search and Transport on Non-Regular Graphs},
  author = {Novo, L. and Chakraborty, S. and Mohseni, M. and Neven, H. and Omar, Y.},
  journal = {Scientific Reports},
  volume = {5},
  pages = {13304},
  year = {2016},
  month = {Sep},
  publisher = {The Author(s) SN },
  doi = {10.1038/srep13304},
  url = {http://dx.doi.org/10.1038/srep13304
}
}

@article{woo:zur:82,
  title = {A single quantum cannot be cloned},
  author = {Wootters, W. K. and Zurek, W. H.},
  journal = {Nature},
  volume = {299},
  pages = {802-803},
  year = {1982},
  month = {Oct},
  publisher = {Nature Publishing Group SN},
  doi = {10.1038/299802a0},
  url = {http://dx.doi.org/10.1038/299802a0}
}
@article{aci:mas:pir:12,
  title = {Randomness versus Nonlocality and Entanglement},
  author = {Acin, A. and Massar, S. and Pironio, S.},
  journal = {Phys. Rev. Lett.},
  volume = {108},
  issue = {10},
  pages = {100402},
  numpages = {5},
  year = {2012},
  month = {Mar},
  publisher = {American Physical Society},
  doi = {10.1103/PhysRevLett.108.100402},
  url = {https://link.aps.org/doi/10.1103/PhysRevLett.108.100402}
}
@article{aci:pir:ver:wit:16,
  title = {Optimal randomness certification from one entangled bit},
  author = {Acin, A. and Pironio, S. and Vertesi, T. and Wittek, P.},
  journal = {Phys. Rev. A},
  volume = {93},
  issue = {4},
  pages = {040102},
  numpages = {5},
  year = {2016},
  month = {Apr},
  publisher = {American Physical Society},
  doi = {10.1103/PhysRevA.93.040102},
  url = {https://link.aps.org/doi/10.1103/PhysRevA.93.040102}
}
@article{and:bad:dum:cab:18,
  title = {Device-independent certification of two bits of randomness from one entangled bit and Gisin's elegant Bell inequality},
  author = {Andersson, O. and Badzikag, P. and Dumitru, I. and Cabello, A.},
  journal = {Phys. Rev. A},
  volume = {97},
  issue = {1},
  pages = {012314},
  numpages = {5},
  year = {2018},
  month = {Jan},
  publisher = {American Physical Society},
  doi = {10.1103/PhysRevA.97.012314},
  url = {https://link.aps.org/doi/10.1103/PhysRevA.97.012314}
}
@article{mat:skr:bra:cav:aci:15,
  title = {Optimal randomness generation from optical Bell experiments},
  author = {Mattar, A. and Skrzypczyk, P. and Brask, J. B. and Cavalcanti, D. and Acín, A.},
  journal = {New Journal of Physics},
  volume = {7},
  issue = {2},
  pages = {022003},
  year = {2015},
  publisher = {American Physical Society},
  doi = {10.1088/1367-2630/17/2/022003},
  url = {http://stacks.iop.org/1367-2630/17/2/022003}
}
@article{pir:aci:mas:gir:boy:mat:mau:olm:hay:luo:man:mon:10,
  title = {Random numbers certified by Bell’s theorem},
  author = {Pironio, S. and Acin, A. and Massar, S. and de la Giroday, A. Boyer and Matsukevich, D. N. and Maunz, P. and Olmschenk, S. and Hayes, D. and Luo, L. and Manning, T. A. and Monroe, C.},
  journal = {Nature},
  volume = {464},
  pages = {1021–1024},
  year = {2010},
  publisher = {Macmillan Publishers Limited},
  doi = {10.1038/nature09008},
  url = {http://dx.doi.org/10.1038/nature09008}
}
@article{she:sca:10,
  title = {Security proof for quantum key distribution using qudit systems},
  author = {Sheridan, L. and Scarani, V.},
  journal = {Phys. Rev. A},
  volume = {82},
  issue = {3},
  pages = {030301},
  numpages = {4},
  year = {2010},
  month = {Sep},
  publisher = {American Physical Society},
  doi = {10.1103/PhysRevA.82.030301},
  url = {https://link.aps.org/doi/10.1103/PhysRevA.82.030301}
}
@article{nik:alb:05,
  title = {Security bound of two-basis quantum-key-distribution protocols using qudits},
  author = {Nikolopoulos, G. M. and Alber, G.},
  journal = {Phys. Rev. A},
  volume = {72},
  issue = {3},
  pages = {032320},
  numpages = {10},
  year = {2005},
  month = {Sep},
  publisher = {American Physical Society},
  doi = {10.1103/PhysRevA.72.032320},
  url = {https://link.aps.org/doi/10.1103/PhysRevA.72.032320}
}
@article{bru:chr:eke:eng:ber:kas:mac:03,
  title = {Tomographic Quantum Cryptography: Equivalence of Quantum and Classical Key Distillation},
  author = {Bruss, D. and Christandl, M. and Ekert, A. and Englert, B.-G. and Kaszlikowski, D. and Macchiavello, C.},
  journal = {Phys. Rev. Lett.},
  volume = {91},
  issue = {9},
  pages = {097901},
  numpages = {4},
  year = {2003},
  month = {Aug},
  publisher = {American Physical Society},
  doi = {10.1103/PhysRevLett.91.097901},
  url = {https://link.aps.org/doi/10.1103/PhysRevLett.91.097901}
}
@article{cer:bou:kar:gis:02,
  title = {Security of Quantum Key Distribution Using d-Level Systems},
  author = {Cerf, N. J. and Bourennane, M. and Karlsson, A. and Gisin, N.},
  journal = {Phys. Rev. Lett.},
  volume = {88},
  issue = {12},
  pages = {127902},
  numpages = {4},
  year = {2002},
  month = {Mar},
  publisher = {American Physical Society},
  doi = {10.1103/PhysRevLett.88.127902},
  url = {https://link.aps.org/doi/10.1103/PhysRevLett.88.127902}
}
@article{bec:tit:00,
  title = {Quantum cryptography using larger alphabets},
  author = {Bechmann-Pasquinucci, H. and Tittel, W.},
  journal = {Phys. Rev. A},
  volume = {61},
  issue = {6},
  pages = {062308},
  numpages = {6},
  year = {2000},
  month = {May},
  publisher = {American Physical Society},
  doi = {10.1103/PhysRevA.61.062308},
  url = {https://link.aps.org/doi/10.1103/PhysRevA.61.062308}
}
@article{nik:ran:alb:06,
  title = {Error tolerance of two-basis quantum-key-distribution protocols using qudits and two-way classical communication},
  author = {Nikolopoulos, G. M. and Ranade, K. S. and Alber, G.},
  journal = {Phys. Rev. A},
  volume = {73},
  issue = {3},
  pages = {032325},
  numpages = {9},
  year = {2006},
  month = {Mar},
  publisher = {American Physical Society},
  doi = {10.1103/PhysRevA.73.032325},
  url = {https://link.aps.org/doi/10.1103/PhysRevA.73.032325}
}

@article{cla:hor:shi:holt:69,
  title = {Proposed Experiment to Test Local Hidden-Variable Theories},
  author = {Clauser, J. F. and Horne, M. A. and Shimony, A. and Holt, R. A.},
  journal = {Phys. Rev. Lett.},
  volume = {23},
  issue = {15},
  pages = {880--884},
  numpages = {0},
  year = {1969},
  month = {Oct},
  publisher = {American Physical Society},
  doi = {10.1103/PhysRevLett.23.880},
  url = {https://link.aps.org/doi/10.1103/PhysRevLett.23.880}
}
@article{sal:aug:rem:tur:wit:aci:pir:17,
  title = {Bell Inequalities Tailored to Maximally Entangled States},
  author = {Salavrakos, A. and Augusiak, R. and Tura, J. and Wittek, P. and Ac\'{\i}n, A. and Pironio, S.},
  journal = {Phys. Rev. Lett.},
  volume = {119},
  issue = {4},
  pages = {040402},
  numpages = {6},
  year = {2017},
  month = {Jul},
  publisher = {American Physical Society},
  doi = {10.1103/PhysRevLett.119.040402},
  url = {https://link.aps.org/doi/10.1103/PhysRevLett.119.040402}
}
@article{col:gis:lin:mas:pop:02,
  title = {Bell Inequalities for Arbitrarily High-Dimensional Systems},
  author = {Collins, D. and Gisin, N. and Linden, N. and Massar, S. and Popescu, S.},
  journal = {Phys. Rev. Lett.},
  volume = {88},
  issue = {4},
  pages = {040404},
  numpages = {4},
  year = {2002},
  month = {Jan},
  publisher = {American Physical Society},
  doi = {10.1103/PhysRevLett.88.040404},
  url = {https://link.aps.org/doi/10.1103/PhysRevLett.88.040404}
}
@article{wis:jon:doh:07,
  title = {Steering, Entanglement, Nonlocality, and the Einstein-Podolsky-Rosen Paradox},
  author = {Wiseman, H. M. and Jones, S. J. and Doherty, A. C.},
  journal = {Phys. Rev. Lett.},
  volume = {98},
  issue = {14},
  pages = {140402},
  numpages = {4},
  year = {2007},
  month = {Apr},
  publisher = {American Physical Society},
  doi = {10.1103/PhysRevLett.98.140402},
  url = {https://link.aps.org/doi/10.1103/PhysRevLett.98.140402}
}
@article{jon:wis:doh:07,
  title = {Entanglement, Einstein-Podolsky-Rosen correlations, Bell nonlocality, and steering},
  author = {Jones, S. J. and Wiseman, H. M. and Doherty, A. C.},
  journal = {Phys. Rev. A},
  volume = {76},
  issue = {5},
  pages = {052116},
  numpages = {18},
  year = {2007},
  month = {Nov},
  publisher = {American Physical Society},
  doi = {10.1103/PhysRevA.76.052116},
  url = {https://link.aps.org/doi/10.1103/PhysRevA.76.052116}
}
@article{bra:cav:wal:sca:wis:12,
  title = {One-sided device-independent quantum key distribution: Security, feasibility, and the connection with steering},
  author = {Branciard, C. and Cavalcanti, E. G. and Walborn, S. P. and Scarani, V.o and Wiseman, H. M.},
  journal = {Phys. Rev. A},
  volume = {85},
  issue = {1},
  pages = {010301},
  numpages = {5},
  year = {2012},
  month = {Jan},
  publisher = {American Physical Society},
  doi = {10.1103/PhysRevA.85.010301},
  url = {https://link.aps.org/doi/10.1103/PhysRevA.85.010301}
}
@article{rei:dru:bow:cav:lam:bac:and:leu:09,
  title = {Colloquium: The Einstein-Podolsky-Rosen paradox: From concepts to applications},
  author = {Reid, M. D. and Drummond, P. D. and Bowen, W. P. and Cavalcanti, E. G. and Lam, P. K. and Bachor, H. A. and Andersen, U. L. and Leuchs, G.},
  journal = {Rev. Mod. Phys.},
  volume = {81},
  issue = {4},
  pages = {1727--1751},
  numpages = {0},
  year = {2009},
  month = {Dec},
  publisher = {American Physical Society},
  doi = {10.1103/RevModPhys.81.1727},
  url = {https://link.aps.org/doi/10.1103/RevModPhys.81.1727}
}
@article{he:dru:rei:11,
  title = {Entanglement, EPR steering, and Bell-nonlocality criteria for multipartite higher-spin systems},
  author = {He, Q. Y. and Drummond, P. D. and Reid, M. D.},
  journal = {Phys. Rev. A},
  volume = {83},
  issue = {3},
  pages = {032120},
  numpages = {14},
  year = {2011},
  month = {Mar},
  publisher = {American Physical Society},
  doi = {10.1103/PhysRevA.83.032120},
  url = {https://link.aps.org/doi/10.1103/PhysRevA.83.032120}
}
@article{skr:cav:15,
  title = {Loss-tolerant Einstein-Podolsky-Rosen steering for arbitrary-dimensional states: Joint measurability and unbounded violations under losses},
  author = {Skrzypczyk, P. and Cavalcanti, D.},
  journal = {Phys. Rev. A},
  volume = {92},
  issue = {2},
  pages = {022354},
  numpages = {7},
  year = {2015},
  month = {Aug},
  publisher = {American Physical Society},
  doi = {10.1103/PhysRevA.92.022354},
  url = {https://link.aps.org/doi/10.1103/PhysRevA.92.022354}
}
@article{skr:cav:17,
  title = {Quantum steering: a review with focus on semidefinite programming},
  author = {Skrzypczyk, P. and Cavalcanti, D.},
  journal = {Reports on Progress in Physics},
  volume = {80},
  issue = {2},
  pages = {0240014},
  year = {2017},
  publisher = {IOPSCIENCE},
  doi = {10.1088/1361-6633/80/2/024001},
  url = {https://doi.org/10.1088/1361-6633/80/2/024001}
}
@article{he:rei:13,
  title = {Genuine Multipartite Einstein-Podolsky-Rosen Steering},
  author = {He, Q. Y. and Reid, M. D.},
  journal = {Phys. Rev. Lett.},
  volume = {111},
  issue = {25},
  pages = {250403},
  numpages = {5},
  year = {2013},
  month = {Dec},
  publisher = {American Physical Society},
  doi = {10.1103/PhysRevLett.111.250403},
  url = {https://link.aps.org/doi/10.1103/PhysRevLett.111.250403}
}
@article{cav:he:rei:wis:11,
  title = {Unified criteria for multipartite quantum nonlocality},
  author = {Cavalcanti, E. G. and He, Q. Y. and Reid, M. D. and Wiseman, H. M.},
  journal = {Phys. Rev. A},
  volume = {84},
  issue = {3},
  pages = {032115},
  numpages = {8},
  year = {2011},
  month = {Sep},
  publisher = {American Physical Society},
  doi = {10.1103/PhysRevA.84.032115},
  url = {https://link.aps.org/doi/10.1103/PhysRevA.84.032115}
}
@article{mas:pir:aci:11,
  title = {Secure device-independent quantum key distribution with causally independent measurement devices},
  author = {Masanes, L. and Pironio, S. and Acín, A.},
  journal = {Nature Communications},
  volume = {2},
  pages = {238},
  year = {2011},
  month = {Mar},
  publisher = {Nature Publishing Group},
  doi = {10.1038/ncomms1244},
  url = {http://dx.doi.org/10.1038/ncomms1244}
}
@article{col:ber:tom:weh:17,
  title = {Entropic uncertainty relations and their applications},
  author = {Coles, P. J. and Berta, M. and Tomamichel, M. and Wehner, S.},
  journal = {Rev. Mod. Phys.},
  volume = {89},
  issue = {1},
  pages = {015002},
  numpages = {58},
  year = {2017},
  month = {Feb},
  publisher = {American Physical Society},
  doi = {10.1103/RevModPhys.89.015002},
  url = {https://link.aps.org/doi/10.1103/RevModPhys.89.015002}
}
@article{ng:ber:weh:12,
  title = {Min-entropy uncertainty relation for finite-size cryptography},
  author = {Ng, N. H. Y. and Berta, M. and Wehner, S.},
  journal = {Phys. Rev. A},
  volume = {86},
  issue = {4},
  pages = {042315},
  numpages = {8},
  year = {2012},
  month = {Oct},
  publisher = {American Physical Society},
  doi = {10.1103/PhysRevA.86.042315},
  url = {https://link.aps.org/doi/10.1103/PhysRevA.86.042315}
}
@article{tom:ren:11,
  title = {Uncertainty Relation for Smooth Entropies},
  author = {Tomamichel, M. and Renner, R.},
  journal = {Phys. Rev. Lett.},
  volume = {106},
  issue = {11},
  pages = {110506},
  numpages = {4},
  year = {2011},
  month = {Mar},
  publisher = {American Physical Society},
  doi = {10.1103/PhysRevLett.106.110506},
  url = {https://link.aps.org/doi/10.1103/PhysRevLett.106.110506}
}
@article{maa:uff:88,
  title = {Generalized entropic uncertainty relations},
  author = {Maassen, H. and Uffink, J. B. M.},
  journal = {Phys. Rev. Lett.},
  volume = {60},
  issue = {12},
  pages = {1103--1106},
  numpages = {0},
  year = {1988},
  month = {Mar},
  publisher = {American Physical Society},
  doi = {10.1103/PhysRevLett.60.1103},
  url = {https://link.aps.org/doi/10.1103/PhysRevLett.60.1103}
}
@article{ren:boi:09,
  title = {Conjectured Strong Complementary Information Tradeoff},
  author = {Renes, J. M. and Boileau, J.-C.},
  journal = {Phys. Rev. Lett.},
  volume = {103},
  issue = {2},
  pages = {020402},
  numpages = {4},
  year = {2009},
  month = {Jul},
  publisher = {American Physical Society},
  doi = {10.1103/PhysRevLett.103.020402},
  url = {https://link.aps.org/doi/10.1103/PhysRevLett.103.020402}
}
@article{weh:win:10,
  title = {Entropic uncertainty relations—a survey},
  author = {Wehner, S. and Winter, A.},
  journal = {New Journal of Physics},
  volume = {12},
  issue = {2},
  pages = {025009},
  year = {2010},
  publisher = {IOPSCIENCE},
  doi = {10.1088/1367-2630/12/2/025009},
  url = {http://stacks.iop.org/1367-2630/12/2/025009}
}
@article{tom:lim:gis:ren:12,
  title = {Tight finite-key analysis for quantum cryptography},
  author = {Tomamichel, M. and Lim, C. C. W. and Gisin, N. and Renner, R.},
  journal = {Nature Communications},
  volume = {3},
  pages = {634},
  year = {2012},
  doi = {10.1038/ncomms1631},
  url = {http://dx.doi.org/10.1038/ncomms1631}
}
@article{jur:etal:17,
  title = {Direct Observation of Dynamical Quantum Phase Transitions in an Interacting Many-Body System},
  author = {Jurcevic, P. and Shen, H. and Hauke, P. and Maier, C. and Brydges, T. and Hempel, C. and Lanyon, B. P. and Heyl, M. and Blatt, R. and Roos, C. F.},
  journal = {Phys. Rev. Lett.},
  volume = {119},
  issue = {8},
  pages = {080501},
  numpages = {5},
  year = {2017},
  month = {Aug},
  publisher = {American Physical Society},
  doi = {10.1103/PhysRevLett.119.080501},
  url = {https://link.aps.org/doi/10.1103/PhysRevLett.119.080501}
}
 @article{ma:qi:zha:lo:05,
  title = {Practical decoy state for quantum key distribution},
  author = {Ma, X. and Qi, B. and Zhao, Y. and Lo, H.-K.},
  journal = {Phys. Rev. A},
  volume = {72},
  issue = {1},
  pages = {012326},
  numpages = {15},
  year = {2005},
  month = {Jul},
  publisher = {American Physical Society},
  doi = {10.1103/PhysRevA.72.012326},
  url = {https://link.aps.org/doi/10.1103/PhysRevA.72.012326}
}
@article{wan:05b,
  title = {Decoy-state protocol for quantum cryptography with four different intensities of coherent light},
  author = {Wang, X.-B.},
  journal = {Phys. Rev. A},
  volume = {72},
  issue = {1},
  pages = {012322},
  numpages = {6},
  year = {2005},
  month = {Jul},
  publisher = {American Physical Society},
  doi = {10.1103/PhysRevA.72.012322},
  url = {https://link.aps.org/doi/10.1103/PhysRevA.72.012322}
}
@article{wan:05a,
  title = {Beating the Photon-Number-Splitting Attack in Practical Quantum Cryptography},
  author = {Wang, X.-B.},
  journal = {Phys. Rev. Lett.},
  volume = {94},
  issue = {23},
  pages = {230503},
  numpages = {4},
  year = {2005},
  month = {Jun},
  publisher = {American Physical Society},
  doi = {10.1103/PhysRevLett.94.230503},
  url = {https://link.aps.org/doi/10.1103/PhysRevLett.94.230503}
}
@article{lo:ma:che:05,
  title = {Decoy State Quantum Key Distribution},
  author = {Lo, H.-K. and Ma, X. and Chen, K.},
  journal = {Phys. Rev. Lett.},
  volume = {94},
  issue = {23},
  pages = {230504},
  numpages = {4},
  year = {2005},
  month = {Jun},
  publisher = {American Physical Society},
  doi = {10.1103/PhysRevLett.94.230504},
  url = {https://link.aps.org/doi/10.1103/PhysRevLett.94.230504}
}
@article{gis:fas:kra:zbi:rib:06,
  title = {Trojan-horse attacks on quantum-key-distribution systems},
  author = {Gisin, N. and Fasel, S. and Kraus, B. and Zbinden, H. and Ribordy, G.},
  journal = {Phys. Rev. A},
  volume = {73},
  issue = {2},
  pages = {022320},
  numpages = {6},
  year = {2006},
  month = {Feb},
  publisher = {American Physical Society},
  doi = {10.1103/PhysRevA.73.022320},
  url = {https://link.aps.org/doi/10.1103/PhysRevA.73.022320}
}
@article{zha:fun:qi:che:lo:08,
  title = {Quantum hacking: Experimental demonstration of time-shift attack against practical quantum-key-distribution systems},
  author = {Zhao, Y. and Fung, C.-H. F. and Qi, B. and Chen, C. and Lo, H.-K.},
  journal = {Phys. Rev. A},
  volume = {78},
  issue = {4},
  pages = {042333},
  numpages = {5},
  year = {2008},
  month = {Oct},
  publisher = {American Physical Society},
  doi = {10.1103/PhysRevA.78.042333},
  url = {https://link.aps.org/doi/10.1103/PhysRevA.78.042333}
}
@article{mak:ani:ska:06,
  title = {Effects of detector efficiency mismatch on security of quantum cryptosystems},
  author = {Makarov, V. and Anisimov, A.y and Skaar, J.},
  journal = {Phys. Rev. A},
  volume = {74},
  issue = {2},
  pages = {022313},
  numpages = {11},
  year = {2006},
  month = {Aug},
  publisher = {American Physical Society},
  doi = {10.1103/PhysRevA.74.022313},
  url = {https://link.aps.org/doi/10.1103/PhysRevA.74.022313}
}
@article{luc:cho:war:dyn:yua:shi:15,
  title = {Practical Security Bounds Against the Trojan-Horse Attack in Quantum Key Distribution},
  author = {Lucamarini, M. and Choi, I. and Ward, M. B. and Dynes, J. F. and Yuan, Z. L. and Shields, A. J.},
  journal = {Phys. Rev. X},
  volume = {5},
  issue = {3},
  pages = {031030},
  numpages = {19},
  year = {2015},
  month = {Sep},
  publisher = {American Physical Society},
  doi = {10.1103/PhysRevX.5.031030},
  url = {https://link.aps.org/doi/10.1103/PhysRevX.5.031030}
}
@article{qi:fun:lo:ma:07,
  title = {Time-shift attack in practical quantum cryptosystems},
  author = {Qi, B. and Fung, C.-H. F. and Lo, H.-K and Ma, X.},
  journal = {Quantum Information and Computation},
  volume = {7},
  pages = {73-82},
  year = {2007},
  doi = {10.1103/PhysRevX.5.031030},
  url = {http://dl.acm.org/citation.cfm?id=2011706.2011709}
}
@article{lalala,title={lololo}}
@article{jai:sti:kha:els:mar:leu:16,
author = {Jain, N. and Stiller, B. and Khan, I. and Elser, D. and Marquardt, C. and Leuchs, G.},
title = {Attacks on practical quantum key distribution systems (and how to prevent them)},
journal = {Contemporary Physics},
volume = {57},
number = {3},
pages = {366-387},
year  = {2016},
publisher = {Taylor and Francis},
doi = {10.1080/00107514.2016.1148333},
URL = {https://doi.org/10.1080/00107514.2016.1148333},
}

@article{dia:lo:qi:yua:16,
author = {Diamanti, E. and Lo, H.-K., and Qi, B. and Yuan, Z.},
title = {Practical challenges in quantum key distribution},
journal = {Npj Quantum Information},
volume = {2},
pages = {16025},
year  = {2016},
doi = {10.1038/npjqi.2016.25},
URL = {https://dx.doi.org/10.1038/npjqi.2016.25},
}

@article{bed:arr:lin:17,
author = {Bedington, R. and Arrazola, J. M. and Ling, A.},
title = {Progress in satellite quantum key distribution},
journal = {Npj Quantum Information},
volume = {3},
issue= {1},
pages = {30},
year  = {2017},
doi = {10.1038/s41534-017-0031-5},
URL = {https://doi.org/10.1038/s41534-017-0031-5},
}

@article{dix:etal:17,
author = {Dixon, A. R. and Dynes, J. F. and  Lucamarini, M. and Fröhlich, B. and Sharpe, A. W. and Plews, A. and Tam, W. and Yuan, Z. L. and Tanizawa, Y. and Sato, H. and Kawamura, S. and Fujiwara, M. and Sasaki, M. and Shields, A. J.},
title = {Quantum key distribution with hacking countermeasures and long term field trial},
journal = {Scientific Reports},
volume = {7},
issue= {1},
pages = {1978},
year  = {2017},
doi = {10.1038/s41598-017-01884-0},
URL = {https://doi.org/10.1038/s41598-017-01884-0},
}
@article{saj:min:jai:mak:17,
author = {Sajeed, S. and Minshull, C. and Jain, N. and Makarov, V.},
title = {Invisible Trojan-horse attack},
journal = {Scientific Reports},
volume = {7},
issue= {1},
pages = {8403},
year  = {2017},
doi = {10.1038/s41598-017-08279-1},
URL = {https://doi.org/10.1038/s41598-017-08279-1},
}

@article{har:ett:hug:nor:05,
  title={Enhancing practical security of quantum key distribution with a few decoy states},
  author={Harrington, J. W. and Ettinger, J. M. and Hughes, R. J. and Nordholt, J. E.},
  journal={arXiv preprint arXiv:0503002},
  year={2005}
}
@article{wan:wan:qin:wei:zha:16,
author= {Wang, J. and Wang, H. and Qin, X. and Wei, Z. and Zhang, Z.},
title={The countermeasures against the blinding attack in quantum key distribution},
journal={The European Physical Journal D},
year={2016},
month={Jan},
day={12},
volume={70},
number={1},
pages={5},
doi={10.1140/epjd/e2015-60469-8},
url={https://doi.org/10.1140/epjd/e2015-60469-8},
}
 @article{lam:kur:07,
author= {Lamas-Linares, A. and Kurtsiefer, C.},
title={Breaking a quantum key distribution system through a timing side channel},
journal={Optics Express},
year={2007},
volume={15},
issue={15},
pages={9388-9393},
doi={10.1364/OE.15.009388},
url={https://doi.org/10.1364/OE.15.009388},
}
@article{sti:14,
  title={Preventing detector blinding attack and other random number generator attacks on quantum cryptography by use of an explicit random number generator},
  author={Stipcevic, M.},
  journal={arXiv preprint arXiv:1403.0143},
  year={2014}
}
@article{lyd:wie:wit:els:ska:mak:10,
author = {Lydersen, L. and Wiechers, C. and Wittmann, C. and Elser, D. and Skaar, J. and Makarov, V.},
title = {Hacking commercial quantum cryptography systems by tailored bright illumination},
journal = {Nature Photonics},
volume = {4},
pages = {686},
year  = {2010},
publisher = {Nature Publishing Group},
doi = {10.1038/nphoton.2010.214},
URL = {http://dx.doi.org/10.1038/nphoton.2010.214},
}
@article{hwa:03,
  title = {Quantum Key Distribution with High Loss: Toward Global Secure Communication},
  author = {Hwang, W.-Y.},
  journal = {Phys. Rev. Lett.},
  volume = {91},
  issue = {5},
  pages = {057901},
  numpages = {4},
  year = {2003},
  month = {Aug},
  publisher = {American Physical Society},
  doi = {10.1103/PhysRevLett.91.057901},
  url = {https://link.aps.org/doi/10.1103/PhysRevLett.91.057901}
}
@article{bra:lut:mor:san:00,
  title = {Limitations on Practical Quantum Cryptography},
  author = {Brassard, G. and Lutkenhaus, N. and Mor, T. and Sanders, B. C.},
  journal = {Phys. Rev. Lett.},
  volume = {85},
  issue = {6},
  pages = {1330--1333},
  numpages = {0},
  year = {2000},
  month = {Aug},
  publisher = {American Physical Society},
  doi = {10.1103/PhysRevLett.85.1330},
  url = {https://link.aps.org/doi/10.1103/PhysRevLett.85.1330}
}
@article{lut:jah:02,
  author={Lutkenhaus, N. and Jahma, M. },
  title={Quantum key distribution with realistic states: photon-number statistics in the photon-number splitting attack},
  journal={New Journal of Physics},
  volume={4},
  number={1},
  pages={44},
  url={http://stacks.iop.org/1367-2630/4/i=1/a=344},
  year={2002}

}
@article{lut:00,
  title = {Security against individual attacks for realistic quantum key distribution},
  author = {Lutkenhaus, N.},
  journal = {Phys. Rev. A},
  volume = {61},
  issue = {5},
  pages = {052304},
  numpages = {10},
  year = {2000},
  month = {Apr},
  publisher = {American Physical Society},
  doi = {10.1103/PhysRevA.61.052304},
  url = {https://link.aps.org/doi/10.1103/PhysRevA.61.052304}
}
@article{wan:wan:bjo:kar:07,
  author={Wang, Q. and Wang, X.-B. and Björk, G. and Karlsson, A.},
  title={Improved practical decoy state method in quantum key distribution with parametric down-conversion source},
  journal={EPL (Europhysics Letters)},
  volume={79},
  number={4},
  pages={40001},
  url={http://stacks.iop.org/0295-5075/79/i=4/a=40001},
  year={2007},
  }
@article{cur:ma:qi:mor:10,
  title = {Passive decoy-state quantum key distribution with practical light sources},
  author = {Curty, M. and Ma, X. and Qi, B. and Moroder, T.},
  journal = {Phys. Rev. A},
  volume = {81},
  issue = {2},
  pages = {022310},
  numpages = {15},
  year = {2010},
  month = {Feb},
  publisher = {American Physical Society},
  doi = {10.1103/PhysRevA.81.022310},
  url = {https://link.aps.org/doi/10.1103/PhysRevA.81.022310}
}
@article{ros:pet:har:ric:dal:tya:mcc:nam:bae:had:hug:nor:09,
  author={Rosenberg, D. and Peterson, C. G. and Harrington, J. W. and Rice, P. R. and Dallmann, N. and Tyagi, K. T. and McCabe, K. P. and Nam, S. and Baek, B. and Hadfield, R. H. and Hughes, R. J. and Nordholt, J. E.},
  title={Practical long-distance quantum key distribution system using decoy levels},
  journal={New Journal of Physics},
  volume={11},
  number={4},
  pages={045009},
  url={https://stacks.iop.org/1367-2630/11/i=4/a=045009},
  year={2009},
  }
  @article{luc:dyn:fro:yua:shi:15,
  author={Lucamarini, M. and  Dynes, J. F. and Frohlich, B. and Yuan, Z. and Shields, A. J.},
  title={Security Bounds for Efficient Decoy-State Quantum Key Distribution},
  journal={IEEE Journal of Selected Topics in Quantum Electronics},
  volume={21},
  number={3},
  pages={1-8},
  doi={10.1109/JSTQE.2015.2394774}
  year={2015},
  }
  @article{sca:aci:rib:gis:04,
  title = {Quantum Cryptography Protocols Robust against Photon Number Splitting Attacks for Weak Laser Pulse Implementations},
  author = {Scarani, V. and Acin, A. and Ribordy, G. and Gisin, N.},
  journal = {Phys. Rev. Lett.},
  volume = {92},
  issue = {5},
  pages = {057901},
  numpages = {4},
  year = {2004},
  month = {Feb},
  publisher = {American Physical Society},
  doi = {10.1103/PhysRevLett.92.057901},
  url = {https://link.aps.org/doi/10.1103/PhysRevLett.92.057901}
}

@article{vie:bei:qkd:sat:18,
  title = {Satellite-Relayed Intercontinental Quantum Network},
  author = {Liao, S.-K. and Cai, W.-Q. and Handsteiner, J. and Liu, B. and Yin, J. and Zhang, L. and Rauch, D. and Fink, M. and Ren, J.-G. and Liu, W.-Y. and Li, Y. and Shen, Q. and Cao, Y. and Li, F.-Z. and Wang, J.-F. and Huang, Y.-M. and Deng, L. and Xi, T. and Ma, L. and Hu, T. and Li, L. and Liu, N.-L. and Koidl, F. and Wang, P. and Chen, Y.-A. and Wang, X.-B. and Steindorfer, M. and Kirchner, G. and Lu, C.-Y. and Shu, R. and Ursin, R. and Scheidl, T. and Peng, C.-Z. and Wang, J.-Y. and Zeilinger, A. and Pan, J.-W.},
  journal = {Phys. Rev. Lett.},
  volume = {120},
  issue = {3},
  pages = {030501},
  numpages = {4},
  year = {2018},
  month = {Jan},
  publisher = {American Physical Society},
  doi = {10.1103/PhysRevLett.120.030501},
  url = {https://link.aps.org/doi/10.1103/PhysRevLett.120.030501}
}
@article{ng:jos:che:kur:weh:12,
  title = {Experimental implementation of bit commitment in the noisy-storage model},
  author = {Ng, N. H. Y. and Joshi, S. K. and Chen Ming, C. and Kurtsiefer, C. and Wehner, S.},
  journal = {Nature Communications},
  volume = {3},
  pages = {1326},
  year = {2012},
  month = {Dec},
  publisher = {Nature Publishing Group, a division of Macmillan Publishers Limited},
  doi = {10.1038/ncomms2268},
  url = {https://dx.doi.org/10.1038/ncomms2268}
}

@article{koe:weh:wul:12,
  title = {Unconditional security from noisy quantum storage},
  author = {Koenig, R. and Wehner, S. and Wullschleger, J.},
  journal = {IEEE Transactions on Information Theory},
  volume = {58},
  issue = {3},
  pages = {1962 - 1984},
  year = {2012},
  month = {Mar},
  doi = { 10.1109/TIT.2011.2177772},
  url = {http://ieeexplore.ieee.org/document/6157089/}
}
@article{weh:sch:ter:08,
  title = {Cryptography from Noisy Storage},
  author = {Wehner, S. and Schaffner, C. and Terhal, B. M.},
  journal = {Phys. Rev. Lett.},
  volume = {100},
  issue = {22},
  pages = {220502},
  numpages = {4},
  year = {2008},
  month = {Jun},
  publisher = {American Physical Society},
  doi = {10.1103/PhysRevLett.100.220502},
  url = {https://link.aps.org/doi/10.1103/PhysRevLett.100.220502}
}
@InProceedings{bou:feh:gon:sch:13,
author={Bouman, N. J. and Fehr, S. and Gonzalez-Guillen, C. and Schaffner, C.},
title={An All-But-One Entropic Uncertainty Relation, and Application to Password-Based Identification},
booktitle={Theory of Quantum Computation, Communication, and Cryptography},
year={2013},
publisher={Springer Berlin Heidelberg},
pages={29--44},
doi={10.1007/978-3-642-35656-8-3},
url={https://doi.org/10.1007/978-3-642-35656-8-3}
}

@article{sch:ter:weh:09,
 author = {Schaffner, C. and Terhal, B. and Wehner, S.},
 title = {Robust Cryptography in the Noisy-quantum-storage Model},
 journal = {Quantum Info. Comput.},
 volume = {9},
 number = {11},
 month = nov,
 year = {2009},
 issn = {1533-7146},
 pages = {963--996},
 numpages = {34},
 url = {http://dl.acm.org/citation.cfm?id=2012098.2012102},
 acmid = {2012102},
 publisher = {Rinton Press, Incorporated},
} 
@inproceedings{dam:feh:ren:sal:sch:07,
 author = {Damgard, I. B. and Fehr, S. and Renner, R. and Salvail, L. and Schaffner, C.},
 title = {A Tight High-order Entropic Quantum Uncertainty Relation with Applications},
 booktitle = {Proceedings of the 27th Annual International Cryptology Conference on Advances in Cryptology},
 series = {CRYPTO'07},
 year = {2007},
 isbn = {3-540-74142-9, 978-3-540-74142-8},
 location = {Santa Barbara, CA, USA},
 pages = {360--378},
 numpages = {19},
 url = {http://dl.acm.org/citation.cfm?id=1777777.1777806},
 acmid = {1777806},
 publisher = {Springer-Verlag},
} 
@article{warshaw:mem:17,
  title = {Wavevector multiplexed atomic quantum memory via spatially-resolved single-photon detection},
  author = {Parniak, M. and Dąbrowski, M. and Mazelanik, M. and Leszczynski, A. and Lipka, M. and Wasilewski, W.},
  journal = {Nature Communications},
  volume = {8},
  issue = {1},
  pages = {2140},
  year = {2017},
  month = {Dec},
  doi = {10.1038/s41467-017-02366-7},
  url = {https://doi.org/10.1038/s41467-017-02366-7}
}
@article{vienna:mem:18,
  title = {Solid-state electron spin lifetime limited by phononic vacuum modes},
  author = {Astner, T. and Gugler, J. and Angerer, A. and Wald, S. and Putz, S. and Mauser, N. J. and Trupke, M. and Sumiya, H. and Onoda, S. and Isoya, J. and Schmiedmayer, J. and Mohn, P. and Majer, J.},
  journal = {Nature Materials},
  volume = {17},
  issue = {4},
  pages = {313--317},
  year = {2018},
  month = {Feb},
  doi = {10.1038/s41563-017-0008-y},
  url = {https://doi.org/10.1038/s41563-017-0008-y}
}
@article{bra:has:mic:10,
author = {Bravyi, S. and Hastings, M. B. and Michalakis, S.},
title = {Topological quantum order: Stability under local perturbations},
journal = {Journal of Mathematical Physics},
volume = {51},
number = {9},
pages = {093512},
year = {2010},
doi = {10.1063/1.3490195},
URL = {https://doi.org/10.1063/1.3490195},
}
@article{kit:03,
title = {Fault-tolerant quantum computation by anyons},
journal = {Annals of Physics},
volume = {303},
number = {1},
pages = {2 - 30},
year = {2003},
issn = {0003-4916},
doi = {https://doi.org/10.1016/S0003-4916(02)00018-0},
url = {http://www.sciencedirect.com/science/article/pii/S0003491602000180},
author = {Kitaev, A. Y.}
}
@article{bro:los:pac:sel:woo:16,
  title = {Quantum memories at finite temperature},
  author = {Brown, B. J. and Loss, D. and Pachos, J. K. and Self, C. N. and Wootton, J. R.},
  journal = {Rev. Mod. Phys.},
  volume = {88},
  issue = {4},
  pages = {045005},
  numpages = {51},
  year = {2016},
  month = {Nov},
  publisher = {American Physical Society},
  doi = {10.1103/RevModPhys.88.045005},
  url = {https://link.aps.org/doi/10.1103/RevModPhys.88.045005}
}
@article{sca:ren:08,
  title = {Quantum Cryptography with Finite Resources: Unconditional Security Bound for Discrete-Variable Protocols with One-Way Postprocessing},
  author = {Scarani, V. and Renner, R.},
  journal = {Phys. Rev. Lett.},
  volume = {100},
  issue = {20},
  pages = {200501},
  numpages = {4},
  year = {2008},
  month = {May},
  publisher = {American Physical Society},
  doi = {10.1103/PhysRevLett.100.200501},
  url = {https://link.aps.org/doi/10.1103/PhysRevLett.100.200501}
}
@article{ren:05,
  title = {On the security of Quantum Key Distribution},
  author = {Renner R.},
  journal = {Diss. ETH},
  volume = {16242},
  year = {2005},
}
@article{bel:64,
      author        = {Bell, J. S.},
      title         = {On the Einstein Podolsky Rosen paradox},
      journal       = {Physics},
      number        = {3},
      volume        = {1},
      pages         = {195-200},
      year          = {1964},
      url           = {https://cds.cern.ch/record/111654},
}
@article{chsh:ineq:69,
  title = {Proposed Experiment to Test Local Hidden-Variable Theories},
  author = {Clauser, J. F. and Horne, M. A. and Shimony, A. and Holt, R. A.},
  journal = {Phys. Rev. Lett.},
  volume = {23},
  issue = {15},
  pages = {880--884},
  numpages = {0},
  year = {1969},
  month = {Oct},
  publisher = {American Physical Society},
  doi = {10.1103/PhysRevLett.23.880},
  url = {https://link.aps.org/doi/10.1103/PhysRevLett.23.880}
}

@article{cof:kun:woo:00,
  title = {Distributed entanglement},
  author = {Coffman, V. and Kundu, J. and Wootters, W. K.},
  journal = {Phys. Rev. A},
  volume = {61},
  issue = {5},
  pages = {052306},
  numpages = {5},
  year = {2000},
  month = {Apr},
  publisher = {American Physical Society},
  doi = {10.1103/PhysRevA.61.052306},
  url = {https://link.aps.org/doi/10.1103/PhysRevA.61.052306}
}
@article{tom:lev:17,
  doi = {10.22331/q-2017-07-14-14},
  url = {https://doi.org/10.22331/q-2017-07-14-14},
  title = {A largely self-contained and complete security proof for quantum key  distribution},
  author = {Tomamichel, M. and Leverrier, A.},
  journal = {{Quantum}},
  issn = {2521-327X},
  volume = {1},
  pages = {14},
  month = {jul},
  year = {2017}
}
@article{vaz:vid:14,
  title = {Fully Device-Independent Quantum Key Distribution},
  author = {Vazirani, U. and Vidick, T.},
  journal = {Phys. Rev. Lett.},
  volume = {113},
  issue = {14},
  pages = {140501},
  numpages = {6},
  year = {2014},
  month = {Sep},
  publisher = {American Physical Society},
  doi = {10.1103/PhysRevLett.113.140501},
  url = {https://link.aps.org/doi/10.1103/PhysRevLett.113.140501}
}
@article{agu:ram:kof:paw:16,
  title = {Completely device-independent quantum key distribution},
  author = {Aguilar, E. A. and Ramanathan, R. and Kofler, J. and Pawlowski, M.},
  journal = {Phys. Rev. A},
  volume = {94},
  issue = {2},
  pages = {022305},
  numpages = {9},
  year = {2016},
  month = {Aug},
  publisher = {American Physical Society},
  doi = {10.1103/PhysRevA.94.022305},
  url = {https://link.aps.org/doi/10.1103/PhysRevA.94.022305}
}
@article{pir:aci:bru:gis:mas:sca:09,
  author={Pironio, S. and Acin, A. and Brunner, N. and Gisin, N. and Massar, S. and Scarani, V.},
  title={Device-independent quantum key distribution secure against collective attacks},
  journal={New Journal of Physics},
  volume={11},
  number={4},
  pages={045021},
  url={http://stacks.iop.org/1367-2630/11/i=4/a=045021},
  year={2009},
  }
	@article{woo:pir:15,
  title = {Secrecy in Prepare-and-Measure Clauser-Horne-Shimony-Holt Tests with a Qubit Bound},
  author = {Woodhead, E. and Pironio, S.},
  journal = {Phys. Rev. Lett.},
  volume = {115},
  issue = {15},
  pages = {150501},
  numpages = {5},
  year = {2015},
  month = {Oct},
  publisher = {American Physical Society},
  doi = {10.1103/PhysRevLett.115.150501},
  url = {https://link.aps.org/doi/10.1103/PhysRevLett.115.150501}
}
@article{aci:mas:16,
  author={Acin, A. and Masanes, L.},
  title={Certified randomness in quantum physics},
  journal={Nature},
  volume={540},
  pages={213},
  doi={10.1038/nature20119},
  url={http://dx.doi.org/10.1038/nature20119},
  year={2016},
  }
  @article{vid:lat:ric:kit:03,
  title = {Entanglement in Quantum Critical Phenomena},
  author = {Vidal, G. and Latorre, J. I. and Rico, E. and Kitaev, A.},
  journal = {Phys. Rev. Lett.},
  volume = {90},
  issue = {22},
  pages = {227902},
  numpages = {4},
  year = {2003},
  month = {Jun},
  publisher = {American Physical Society},
  doi = {10.1103/PhysRevLett.90.227902},
  url = {https://link.aps.org/doi/10.1103/PhysRevLett.90.227902}
}

@article{fuchs:96,
  author={Fuchs, C. A.},
  title={Distinguishability and Accessible Information in Quantum Theory},
  journal={arXiv},
  volume={9601020},
  pages={Ph. D. Dissertation, University of New Mexico},
  year={1996},
  }
@book{ben:zyc:06, 
place={Cambridge}, 
title={Geometry of Quantum States: An Introduction to Quantum Entanglement}, 
doi={10.1017/CBO9780511535048}, 
publisher={Cambridge University Press}, 
author={Bengtsson, I. and Zyczkowski, K.}, 
year={2006}}


@article {majorana:17,
	author = {He, Q. L. and Pan, L. and Stern, A. L. and Burks, E. C. and Che, X. and Yin, G. and Wang, J. and Lian, B. and Zhou, Q. and Choi, E. S. and Murata, K. and Kou, X. and Chen, Z. and Nie, T. and Shao, Q. and Fan, Y. and Zhang, S.-C. and Liu, K. and Xia, J. and Wang, K. L.},
	title = {Chiral Majorana fermion modes in a quantum anomalous Hall insulator-superconductor structure},
	volume = {357},
	number = {6348},
	pages = {294--299},
	year = {2017},
	doi = {10.1126/science.aag2792},
	publisher = {American Association for the Advancement of Science},
	issn = {0036-8075},
	URL = {http://science.sciencemag.org/content/357/6348/294},
	eprint = {http://science.sciencemag.org/content/357/6348/294.full.pdf},
	journal = {Science}
}
@article {majorana:twist:17,
	author = {Pribiag, V. S.},
	title = {A twist on the Majorana fermion},
	volume = {357},
	number = {6348},
	pages = {252--253},
	year = {2017},
	doi = {10.1126/science.aao0793},
	publisher = {American Association for the Advancement of Science},
	issn = {0036-8075},
	URL = {http://science.sciencemag.org/content/357/6348/252},
	eprint = {http://science.sciencemag.org/content/357/6348/252.full.pdf},
	journal = {Science}
}

@article{beaudry:15,
  author={Beaudry, N. J.},
  title={Assumptions in Quantum Cryptography},
  journal={arXiv},
  volume={1505.02792},
  pages={Ph. D. Dissertation, ETH, 22269},
  year={2015},
  }
@article{vak:mak:hje:01,
author = {Vakhitov, A.  and Makarov, V.  and Hjelme, D. R.},
title = {Large pulse attack as a method of conventional optical eavesdropping in quantum cryptography},
journal = {Journal of Modern Optics},
volume = {48},
number = {13},
pages = {2023-2038},
year  = {2001},
publisher = {Taylor and Francis},
doi = {10.1080/09500340108240904},
URL = {https://www.tandfonline.com/doi/abs/10.1080/09500340108240904},
}
@article{kur:zar:may:wei:01,
author = {Kurtsiefer, C.  and Zarda, P.  and Mayer, S.  and Weinfurter, H. },
title = {The breakdown flash of silicon avalanche photodiodes-back door for eavesdropper attacks?},
journal = {Journal of Modern Optics},
volume = {48},
number = {13},
pages = {2039-2047},
year  = {2001},
publisher = {Taylor and Francis},
doi = {10.1080/09500340108240905},
URL = {https://doi.org/10.1080/09500340108240905},
}

@article{liz:lop:lop:16,
  author={Lizama-Pérez, L. A. and López, J. M. and  De Carlos López, E.},
  title={Quantum Key Distribution in the Presence of the Intercept-Resend with Faked States Attack
},
  journal={Entropy},
  volume={19},
  number={1},
  pages={4},
  doi={doi:10.3390/e19010004}
  year={2016},
}
@article{wie:lyd:wit:els:ska:mar:mak:leu:11,
  author={Wiechers, G. and Lydersen, L. and Wittmann, C. and Elser, D. and Skaar, J. and Marquardt, C. and Makarov, V. and Leuchs, G.},
  title={After-gate attack on a quantum cryptosystem},
  journal={New Journal of Physics},
  volume={13},
  number={1},
  pages={013043},
  url={http://stacks.iop.org/1367-2630/13/i=1/a=013043},
  year={2011},
}
@article{liu:lin:kur:ska:mak:ger:14,
author = {Liu, Q. and Lamas-Linares, A. and Kurtsiefer, C. and Skaar, J. and Makarov, V. and Gerhardt, I.},
title = {A universal setup for active control of a single-photon detector},
journal = {Review of Scientific Instruments},
volume = {85},
number = {1},
pages = {013108},
year = {2014},
doi = {10.1063/1.4854615},
URL = {https://doi.org/10.1063/1.4854615},
}

@article{ele:ozh:kur:gol:mak:15,
	author = {Elezov, M.S. and Ozhegov, R.V. and Kurochkin, Y.V. and Goltsman, G.N. and Makarov, V.S.},
	title = {Countermeasures Against Blinding Attack on Superconducting Nanowire Detectors for QKD},
	DOI= {10.1051/epjconf/201510310002},
	url= {https://doi.org/10.1051/epjconf/201510310002},
	journal = {EPJ Web of Conferences},
	year = 2015,
	volume = 103,
	pages = {10002},
}

@article{lee:par:woo:par:kim:han:moo:16,
  title = {Countermeasure against blinding attacks on low-noise detectors with a background-noise-cancellation scheme},
  author = {Lee, M. S. and Park, B. K. and Woo, M. K. and Park, C. H. and Kim, Y.-S. and Han, S.-W. and Moon, S.},
  journal = {Phys. Rev. A},
  volume = {94},
  issue = {6},
  pages = {062321},
  numpages = {10},
  year = {2016},
  month = {Dec},
  publisher = {American Physical Society},
  doi = {10.1103/PhysRevA.94.062321},
  url = {https://link.aps.org/doi/10.1103/PhysRevA.94.062321}
}

@article{get:jar:mis:14,
title = {Quantum walks with memory on cycles},
journal = {Physica A: Statistical Mechanics and its Applications},
volume = {399},
pages = {163 - 170},
year = {2014},
issn = {0378-4371},
doi = {http://dx.doi.org/10.1016/j.physa.2014.01.002},
author = {Gettrick, M. and Miszczak, J. A.},
}

@article{and:mat:uem:75,
author = {Ando, T. and Matsumoto, Y. and Uemura, Y.},
title = {Theory of Hall Effect in a Two-Dimensional Electron System},
journal = {Journal of the Physical Society of Japan},
volume = {39},
number = {2},
pages = {279-288},
year = {1975},
doi = {10.1143/JPSJ.39.279},
URL = {https://doi.org/10.1143/JPSJ.39.279},
}
@article{vla:kra:mat:pau:sou:17,
  author={Vlachou, C. and Krawec, W. O. and Mateus, P. and Paunkovic, N. and Souto, A.},
  title={Quantum key distribution with quantum walks},
  journal={arXiv},
  volume={1710.07979},
  year={2017},
  }
@article{mer:vla:pau:vie:viy:18,
  title = {Dynamical phase transitions at finite temperature from fidelity and interferometric Loschmidt echo induced metrics},
  author = {Mera, B. and Vlachou, C. and Paunkovic, N. and Vieira, V. R. and Viyuela, O.},
  journal = {Phys. Rev. B},
  volume = {97},
  issue = {9},
  pages = {094110},
  numpages = {15},
  year = {2018},
  month = {Mar},
  publisher = {American Physical Society},
  doi = {10.1103/PhysRevB.97.094110},
  url = {https://link.aps.org/doi/10.1103/PhysRevB.97.094110}
}

@article{nay:sim:ste:fre:das:08,
  title = {Non-Abelian anyons and topological quantum computation},
  author = {Nayak, C. and Simon, S. H. and Stern, A. and Freedman, M. and Das Sarma, S.},
  journal = {Rev. Mod. Phys.},
  volume = {80},
  issue = {3},
  pages = {1083--1159},
  numpages = {0},
  year = {2008},
  month = {Sep},
  publisher = {American Physical Society},
  doi = {10.1103/RevModPhys.80.1083},
  url = {https://link.aps.org/doi/10.1103/RevModPhys.80.1083}
}
@article{sho:pre:00,
  title = {Simple Proof of Security of the BB84 Quantum Key Distribution Protocol},
  author = {Shor, P. W. and Preskill, J.},
  journal = {Phys. Rev. Lett.},
  volume = {85},
  issue = {2},
  pages = {441--444},
  numpages = {0},
  year = {2000},
  month = {Jul},
  publisher = {American Physical Society},
  doi = {10.1103/PhysRevLett.85.441},
  url = {https://link.aps.org/doi/10.1103/PhysRevLett.85.441}
}

}


